2624 4398
569 335 610 404 49'

163 516 231 578 lion
250 515 346 594 potuit
365 533 439 578 saxo
458 515 551 577 vitam
571 517 705 595 posuisse
725 515 883 580 Cerauno?

204 618 252 680 Ah
272 620 426 700 Neptune,
447 621 503 682 tibi
523 619 626 697 qualia
645 621 723 682 dona
743 621 858 682 dareml

163 719 309 782 Barbarus
330 723 461 784 excussis
482 724 577 800 agitat
596 723 731 801 vestigia
746 722 867 803 lumbis,
1119 725 1138 784 5

190 825 243 886 ,111
263 825 359 887 subito
378 825 452 887 felix
471 845 549 888 nune
568 845 635 888 mea
654 845 747 903 regua
766 830 866 908 tenet3

153 929 250 989 'Nune
269 929 334 990 sine
354 947 402 990 me
421 930 511 1007 plena
532 928 606 991 fiunt
625 929 762 991 convivia
781 947 901 1010 mensa,

203 1031 289 1092 Nune
310 1032 374 1094 sine
394 1051 441 1093 me
463 1037 526 1095 teta
541 1034 635 1111 janua
655 1037 741 1094 noete
761 1036 855 1110 patet

167 1132 278 1214 Quare,
299 1135 325 1195 si
346 1135 443 1214 sapis,
464 1136 580 1197 oblatas
599 1154 637 1198 ne
658 1135 762 1197 desere
782 1154 908 1217 messes,

206 1237 246 1298 ut
265 1237 404 1300 stolidum
423 1239 511 1315 pleno
531 1239 643 1300 vellere
663 1257 751 1317 earpe
771 1257 878 1322 pecus3
1101 1246 1141 1304 10

165 1340 296 1420 Deinde,
317 1340 369 1402 ubi
390 1345 561 1418 consumpto
581 1328 706 1401 restabit
724 1359 846 1403 munere
865 1360 993 1424 pauper,

206 1443 276 1523 Die,
298 1443 372 1503 alias
393 1442 499 1503 iterum
519 1443 641 1520 naviget
660 1443 789 1520 Illyrias.

166 1546 207 1607 Ar
226 1551 260 1608 tu
279 1564 356 1607 nune
375 1549 490 1625 nostro,
511 1545 628 1626 Venus,
650 1565 668 1606 ο
688 1564 823 1608 sueeurre
844 1547 954 1629 dolori,

206 1643 335 1728 Rumpat
356 1654 388 1711 ut
408 1650 536 1711 assiduis
555 1650 687 1710 membra
706 1649 893 1732 libidinibus3

165 1753 264 1832 Atque
284 1755 410 1833 utinam,
432 1755 458 1814 si
478 1754 552 1814 forte
571 1753 637 1831 pios
657 1753 811 1815 eduximus
832 1773 941 1836 armos,
1102 1762 1140 1823 15

204 1859 260 1918 Ille
280 1859 327 1918 vir
346 1858 378 1917 in
398 1857 495 1919 medio
515 1855 567 1916 liat
587 1874 685 1917 amore
706 1857 799 1933 lapisl

166 1963 246 2040 Ergo
264 1962 433 2022 muneribus
453 1960 552 2037 quivis
567 1964 717 2022 'mereatur
737 1961 891 2023 amorem?

205 2066 355 2143 luppiter,
376 2064 546 2142 indignum!
567 2083 664 2125 meree
685 2066 785 2141 puella
805 2066 891 2142 perit.

169 2169 269 2245 Atque
289 2169 401 2230 utinam
421 2168 533 2228 Romae
553 2185 638 2227 nemo
660 2171 738 2228 esset
758 2167 857 2248 dives,
879 2171 908 2230 et
928 2169 992 2248 ipse

209 2273 374 2334 Stramiuea
393 2277 492 2348 posset
511 2273 581 2332 Dux
600 2270 733 2332 habitare
754 2274 839 2333 easal
1100 2279 1140 2337 20

168 2379 337 2455 Numquam
357 2376 478 2437 venales
499 2380 598 2437 esseut
618 2376 657 2437 ad
677 2394 782 2436 munus
804 2376 932 2457 amidae,

208 2480 308 2558 Atque
327 2498 387 2541 una
407 2479 491 2540 lieret
510 2499 585 2541 eana
604 2481 704 2557 puella
724 2480 818 2541 domo.

168 2586 327 2662 Nonquia
348 2590 484 2663 septenas
505 2591 605 2646 noetes
627 2585 761 2663 sejuncta
781 2586 914 2666 eubads,

208 2689 342 2754 Candida
363 2693 425 2750 tam
444 2687 530 2750 foede
550 2689 672 2750 brachia
692 2689 758 2750 iiusa
779 2690 863 2769 viro,

169 2794 238 2855 Non
258 2794 329 2871 quia
347 2795 495 2873 peccaris,
516 2797 607 2854 testor
627 2796 673 2872 te,
694 2794 748 2854 sed
768 2795 839 2869 quia
858 2794 947 2871 vulgo
1103 2796 1141 2862 25

209 2897 358 2957 Formosis
378 2897 484 2957 levitas
504 2885 620 2973 semper
640 2896 735 2956 amica
754 2894 820 2955 fuir.

170 3000 299 3061 Nullane
320 2999 436 3060 sedabit
455 3002 569 3059 nestros
590 2999 697 3075 injuria
717 2997 828 3059 fletus?

211 3103 260 3163 An
280 3102 361 3163 dolor
381 3101 429 3162 hie
449 3101 532 3162 uitiis
553 3101 646 3162 neseit
666 3101 770 3162 abesse
791 3100 875 3162 tuis?

172 3205 231 3266 'lot
246 3205 311 3283 jam
332 3203 413 3266 abire
435 3204 515 3282 dies,
536 3222 602 3264 eum
623 3221 670 3263 me
689 3221 744 3264 neu
765 3221 834 3264 eura
854 3203 964 3266 theatri

211 3310 276 3370 Nee
294 3308 394 3385 tetigit
413 3306 533 3386 Campi,
554 3325 608 3367 nee
628 3325 694 3366 mea
714 3307 799 3367 Musa
814 3307 911 3385 Juvat.
1103 3313 1144 3372 30

174 3411 213 3474 At
232 3413 361 3491 pudeat,
382 3414 478 3489 certe,
498 3411 625 3490 pudeat3
646 3409 705 3471 uisi
724 3409 813 3491 ferte,
834 3412 913 3487 qued
933 3413 1031 3494 ajunt,

212 3516 321 3594 Turpis
342 3532 423 3574 amor
443 3513 540 3574 surdis
560 3513 679 3574 auribus
701 3531 766 3574 esse
787 3515 870 3576 solet.
1072 3511 1075 3518 ’

174 3617 265 3681 Gema
285 3619 403 3696 dueem,
424 3617 511 3678 medo
531 3617 582 3693 qui
602 3615 720 3677 fremitu
739 3618 897 3696 complevit
917 3619 999 3680 inani

55 3777 60 3787 .
158 3727 160 3731 '
213 3720 299 3784 Aetia
319 3720 466 3781 damnatis
486 3737 615 3795 aequora
634 3719 786 3780 militibus.

1029 3823 1047 3873 4
