2640 4400
562 333 601 394 15

146 504 230 583 Quid
250 507 522 588 nuncupatoria,
543 507 624 570 vitae
644 507 849 587 quodcumque
870 509 1026 588 sequetur,

190 610 255 671 Hoc
274 611 370 687 magis
390 614 507 672 assueto
527 609 634 671 ducere
655 610 800 673 servitio?

146 713 199 776 'lu
218 713 289 774 licet
308 712 454 791 Antiopae
475 712 597 774 formam
617 713 795 794 Nycteidos,
816 716 847 776 et
866 716 900 776 tu
1106 711 1126 776 5

190 816 354 895 Spartanae
373 816 485 880 referas
505 818 643 881 laudibus
663 818 858 898 Hermionae,

147 919 408 998 sequanamque
428 922 497 982 tulit
516 921 636 983 formosi
656 921 795 998 temporis
816 924 915 983 setas:

190 1022 321 1100 Cynthia
339 1042 398 1085 non
418 1024 485 1085 illas
505 1041 611 1084 nomen
630 1022 740 1084 habere
761 1023 855 1104 sinet3

146 1125 282 1207 Nedum,
303 1126 331 1188 ei
350 1126 467 1187 levibus
487 1125 577 1186 fuerit
596 1126 704 1187 collata
722 1124 841 1205 figuris,

188 1227 315 1291 Inferior
334 1231 407 1292 duro
422 1230 525 1309 judice
545 1231 640 1309 turpis
660 1235 718 1292 eat.
1087 1228 1127 1288 10

146 1333 231 1394 Haec
250 1335 305 1395 sed
324 1333 417 1394 forma
437 1334 496 1394 mei
516 1353 585 1411 pars
605 1338 652 1396 est
672 1338 805 1395 extrema
824 1331 947 1414 furoris3

188 1436 264 1499 Sunt
283 1437 410 1517 majora,
431 1439 555 1518 quibus,
576 1438 684 1517 Basse,
705 1438 802 1516 perire
818 1437 922 1514 Juvat:

144 1540 296 1618 Ingenuus
317 1543 412 1623 calor,
435 1546 466 1602 et
485 1543 586 1604 multis
607 1543 697 1602 decus
718 1541 848 1622 artibus²
868 1543 900 1601 et
919 1555 996 1617 quae

187 1643 306 1705 Gaudia
325 1646 381 1708 sub
401 1646 494 1707 tacita
514 1647 628 1708 discere
648 1652 731 1708 veste
751 1646 835 1707 libet.
873 1664 876 1670 ·

145 1747 212 1823 Quo
232 1748 328 1826 magis
349 1752 380 1808 et
398 1752 513 1810 nostros
533 1747 686 1809 contendis
706 1749 820 1808 solvere
841 1763 970 1826 amores,
1085 1742 1124 1804 15

186 1852 250 1912 Hoc
270 1851 366 1927 magis
386 1854 509 1930 accepta
529 1850 607 1910 fallit
627 1854 750 1926 uterque
770 1848 837 1910 fide.

144 1956 214 2017 Non
234 1956 354 2034 impune
374 1955 468 2016 feresl
509 1955 584 2015 sciet
604 1954 678 2014 hacc
698 1954 803 2015 insana
821 1953 939 2033 puella,

188 2060 228 2120 Et
247 2059 303 2120 tibi
322 2077 381 2120 non
401 2058 499 2119 tacitis
519 2058 640 2119 vocibus
661 2057 755 2118 hostis
775 2057 841 2117 erit.

145 2163 212 2224 Nec
231 2163 286 2223 tibi
307 2180 354 2223 me
373 2166 441 2239 post
460 2160 534 2221 haec
554 2161 715 2221 committet
735 2159 879 2240 Cynthia,
899 2176 954 2220 nec
973 2161 1003 2219 te

188 2265 334 2342 Quaeret:
355 2267 412 2326 erit
432 2265 508 2326 tanti
528 2265 659 2326 criminis
680 2265 733 2324 illa
753 2282 878 2344 memor,
1084 2263 1125 2323 20

145 2369 188 2432 ut
207 2374 238 2431 te
258 2370 368 2431 circum
389 2387 490 2430 omnes
511 2369 586 2430 alias
606 2369 684 2430 irata
702 2370 818 2445 puellas

187 2471 326 2551 Differet3
348 2468 422 2531 heu!
443 2472 523 2532 nullo
543 2471 645 2531 limine
666 2489 751 2532 carus
771 2471 840 2532 eris.

143 2574 254 2635 Nullas
273 2573 327 2632 illa
347 2573 409 2634 suis
430 2578 595 2635 contemnet
615 2573 733 2635 fletibus
754 2592 836 2653 aras,

187 2677 227 2738 nt
247 2678 425 2754 quicumque
444 2695 543 2758 sacer,
565 2677 663 2754 qualis
684 2676 809 2756 ubique,
830 2674 916 2756 lepis.

145 2781 215 2842 Non
234 2782 295 2842 ullo
314 2782 434 2858 gravius
455 2785 584 2842 tentatur
604 2777 733 2858 Cynthia
753 2780 878 2859 damno,
1082 2775 1122 2837 25

187 2884 284 2961 Quam
304 2885 361 2946 sibi
381 2902 448 2945 cum
467 2887 552 2962 rapto
573 2888 670 2944 cessat
689 2901 788 2944 amore
808 2883 906 2962 Deus,

146 2987 311 3066 Praecipue
331 2992 440 3049 nostro.
480 2989 599 3048 Maneat
618 2987 662 3048 sic
682 3003 813 3066 semper,
835 2985 939 3065 edor03

186 3092 251 3156 Nec
271 3093 432 3170 quidquam
453 3109 491 3153 ex
511 3093 579 3172 illa,
600 3093 679 3169 quod
698 3109 820 3171 querar,
841 3088 999 3151 inveniam.

61 3271 84 3322 4,
118 3273 190 3323 Gron.
207 3271 301 3332 aiom&
318 3272 394 3338 Neap.
412 3271 505 3322 ducere.

61 3368 85 3419 8.
119 3370 190 3420 Gron.
206 3369 286 3427 sitem
303 3369 379 3434 Neap.
396 3367 469 3418 seat.

62 3469 85 3520 9.
119 3469 216 3520 Levibus
225 3467 320 3535 Μανία
335 3466 439 3533 intellige
455 3467 483 3517 de
497 3464 579 3533 puellis
596 3482 610 3516 a
626 3466 699 3518 Basso
712 3465 821 3531 jactatis,
838 3481 885 3515 non
901 3464 929 3514 de
942 3459 1050 3514 formosis
1064 3476 1121 3528 quas

35 3549 105 3613 putes
120 3550 176 3600 tulit
191 3554 262 3601 aetus.
953 3569 955 3572 ·

64 3647 101 3698 13.
135 3646 205 3698 codd.
222 3649 344 3713 Ispeauus
359 3649 438 3709 color,
455 3648 480 3698 id
496 3651 531 3700 est
548 3648 611 3699 color
624 3663 707 3707 verns,
723 3662 769 3698 non
782 3648 880 3696 fucatus.
895 3644 985 3695 Verum
993 3645 1063 3710 pocta
1068 3641 1119 3706 jem

36 3728 204 3794 pulcritudines
218 3731 323 3798 corporis
339 3731 501 3784 celebraverat.
527 3733 676 3798 Ayrmmnus
693 3730 824 3795 conjecerat
833 3729 923 3797 pudor.
958 3729 1053 3794 chcne
1066 3741 1119 3777 cum
