2640 4400
193 380 213 419 Ia

193 533 317 611 ineptiis.
358 531 581 592 Seuerissimum
604 533 750 610 judicium
770 532 808 591 ad
829 531 884 591 hoe
904 549 957 592 nos
978 531 1076 591 ducit:
1097 537 1149 592 aut
1169 532 1275 592 Plinius

192 642 252 696 tam
267 636 398 695 hberalis
414 635 570 696 Passennii
585 636 719 696 laudator
736 635 832 695 nullas
849 635 949 696 Musas
964 635 1062 713 novit,
1080 640 1131 696 aut
1142 634 1275 710 Quartum

192 738 314 799 Libmm
341 740 500 800 Passennio
522 739 688 801 adscribere
714 758 773 799 non
799 738 878 798 licet.
920 739 1060 800 Pessimis
1091 743 1123 798 et
1149 739 1276 799 absurdis

191 842 367 903 carminibus
402 843 595 903 tersissimum
631 846 749 920 poetam
783 841 861 901 ultro
896 841 1005 902 donare
1040 841 1200 902 absurdum
1230 845 1276 900 est

192 946 349 1006 Praeterea
369 947 482 1006 Plinius
500 947 550 1023 qui
565 947 722 1006 amatorios
737 945 893 1004 Passennii
909 945 1008 1020 elegos
1026 944 1157 1020 odasque
1174 944 1276 1020 lyricas

192 1047 309 1126 laudat,
330 1046 367 1108 de
387 1051 521 1124 poemate
542 1047 663 1108 literam
683 1046 848 1108 tacuisset?
871 1047 961 1107 Plinii
982 1047 1073 1106 verba
1089 1052 1276 1124 aequeatque

192 1151 282 1210 Plinii
302 1151 451 1211 silentium
471 1156 572 1212 contra
592 1150 786 1212 lieimrcichii
807 1151 1003 1228 suspicionem
1023 1153 1112 1211 stant.

232 1255 314 1314 Idem
324 1253 450 1315 Oritious
470 1255 590 1333 conjicit
610 1255 736 1317 disticho
748 1255 870 1333 Papulae
882 1253 1032 1332 Actiacae,
1043 1252 1095 1314 ubi
1105 1253 1144 1314 de
1154 1251 1277 1314 Orientis

191 1357 279 1417 bellis
299 1357 396 1434 agitur

423 1476 477 1525 Sive
493 1475 579 1542 aliqrdd
596 1477 712 1543 pharetris
728 1479 848 1541 Augustus
865 1479 945 1542 parcet
962 1475 1016 1526 licis

457 1557 556 1607 Differat
571 1557 597 1606 in
615 1574 699 1624 pueros
715 1558 761 1608 ista
779 1561 873 1624 tropaea
890 1573 944 1606 suos

192 1670 341 1748 designari
362 1669 577 1747 expeditionem
598 1669 663 1748 Oaji
693 1669 845 1748 Caesaris,
873 1669 1024 1748 Agrippae
1045 1675 1076 1730 et
1094 1671 1194 1732 Juliae
1215 1671 1277 1745 tilii,

192 1791 268 1851 quae
299 1792 345 1834 an.
375 1772 522 1833 DOOLIV
552 1774 648 1834 locum
680 1774 799 1851 habuit,
833 1776 862 1832 et
893 1776 1010 1850 poetam
1041 1773 1188 1834 imitatum
1220 1789 1277 1833 esse

192 1874 330 1936 Ovidium
350 1877 388 1936 de
409 1875 473 1936 hrt.
494 1875 560 1936 Am.
581 1877 613 1954 I,
637 1896 663 1936 v.
688 1880 746 1938 177
767 1881 797 1936 et
818 1894 917 1955 seqq.;
934 1877 1014 1953 atqui
1029 1875 1109 1938 facta
1125 1876 1182 1936 brit
1197 1891 1277 1952 expc-

193 1978 266 2040 ditio
293 1983 324 2039 et
349 1978 406 2038 Ars
427 1978 579 2039 Amatoria
599 1981 709 2056 prodiit
729 1984 795 2058 post
815 1980 961 2056 Propertii
980 1984 1117 2059 mortem3
1145 1997 1215 2057 ergo
1236 2014 1276 2035 -.

192 2081 259 2142 Nisi
290 2082 350 2142 alia
381 2086 516 2142 extarent
548 2080 729 2159 argumenta
753 2084 908 2160 probantia
938 2085 1121 2161 Propertium
1146 2084 1278 2146 carminis

192 2190 339 2246 auctorem
359 2204 417 2247 non
438 2204 520 2264 esse,
541 2187 573 2246 in
594 2187 736 2248 caducum
758 2188 901 2266 parietem
921 2187 1137 2248 inclinaremus.
1166 2189 1278 2249 Etenim

192 2288 283 2348 verba
312 2288 421 2365 optime
448 2289 479 2348 in
507 2288 660 2349 Tiberium
689 2293 719 2348 et
746 2289 875 2350 Drusum
901 2290 1091 2368 conveniunt,
1120 2292 1171 2367 qui
1198 2290 1278 2351 ambo

192 2393 261 2450 ante
276 2390 419 2467 Propertii
436 2395 558 2452 mertem
574 2391 734 2470 florebant3
753 2397 842 2467 atque
858 2391 995 2452 Tiberius
1013 2411 1060 2451 an.
1077 2391 1278 2456 DOOXXXIV

192 2493 301 2552 bellum
331 2494 363 2554 in
392 2493 546 2555 Armenios
581 2499 713 2571 gesserat
744 2500 774 2555 et
805 2495 965 2571 Tigranem
989 2513 1089 2572 regem
1109 2497 1141 2556 in
1161 2515 1278 2574 regnum

192 2595 358 2658 reduxerat.
399 2595 594 2673 chronologia
622 2597 742 2657 minime
772 2597 909 2673 prohibet
934 2598 1091 2658 distichum
1116 2599 1219 2660 referri
1246 2598 1279 2658 ad

192 2699 298 2760 Liviae
323 2699 414 2779 filios,
443 2699 571 2777 Augusti
597 2701 757 2778 privignos.
800 2699 859 2760 Sed
885 2701 910 2760 si
936 2702 1129 2762 Passennium
1148 2703 1279 2763 Paullum

193 2806 339 2863 auctorem
359 2803 448 2881 velis,
469 2821 545 2880 nego
572 2804 610 2863 ad
631 2802 663 2863 (l.
685 2803 843 2864 Gaesarem
865 2805 1046 2884 respexisse3
1068 2823 1136 2865 nam
1157 2804 1279 2883 Augusti

192 2923 286 2982 nepos
317 2906 348 2965 in
383 2906 461 2966 bello
497 2904 641 2966 Orientali
678 2906 846 2966 vulneribus
874 2909 1018 2985 susceptis
1043 2909 1224 2990 conciderat3
1255 2912 1280 2968 ct

193 3023 277 3068 nemo
298 3008 422 3086 Trajaui
442 3000 638 3088 temporibus,
661 3009 800 3072 dixisset:
822 3010 973 3088 Augustus
996 3011 1147 3074 Orientem
1164 3013 1279 3075 doman-

193 3110 262 3171 dum
283 3112 380 3173 differt
400 3113 431 3173 in
452 3113 484 3174 O.
507 3112 672 3176 Caesarem.

232 3214 388 3276 Praeterea
399 3214 522 3278 Ovidius
533 3218 585 3293 qui
595 3218 706 3280 futuros
717 3219 893 3299 triumphos,
912 3239 970 3282 non
980 3220 1093 3282 cladem
1103 3221 1137 3282 O.
1147 3221 1280 3284 ansaris

192 3318 284 3396 canit,
303 3337 442 3399 pueram,
463 3339 521 3381 non
539 3340 644 3399 pueros
664 3324 811 3384 nominat:
835 3324 973 3404 Bellaque
994 3344 1051 3385 eoa
1071 3345 1159 3404 pluero
1178 3329 1279 3387 tractat

193 3421 305 3497 opererio
322 3439 408 3500 puer,
430 3440 458 3482 v.
481 3425 552 3504 1823
575 3424 653 3484 Nam
670 3445 777 3505 quoquc
793 3426 842 3505 pai
859 3445 983 3506 pueros,
1004 3445 1033 3487 v.
1045 3429 1117 3509 1893
1140 3427 1279 3508 Auspiciis

193 3522 338 3602 ultimique
360 3525 456 3602 patris
475 3544 549 3603 paor
570 3545 652 3587 armo
676 3528 812 3609 moechis,
833 3547 861 3588 v.
884 3531 940 3590 191
963 3533 1018 3591 etc.
1049 3530 1089 3591 hit
1109 3536 1204 3594 recte:
1225 3549 1279 3592 uno

192 3625 270 3685 enim
289 3623 362 3702 Oajo
381 3625 492 3687 bellum
511 3626 567 3688 fuit
587 3630 781 3692 commissum.
814 3631 840 3690 hl
861 3649 1002 3694 converso
1023 3638 1123 3695 auctor
1143 3633 1276 3694 carminis

191 3727 486 3805 Pscudopropertiani
503 3731 538 3791 rte
553 3732 651 3808 pueris
668 3734 797 3809 loquitur
812 3734 944 3812 cogitans
954 3736 1018 3796 sine
1028 3735 1118 3797 dubio
1128 3738 1275 3799 'liberium
