2642 4396
567 385 625 446 137

63 560 114 610 26.
157 560 231 610 Codd.
247 575 310 626 geu
324 564 395 611 aoid
409 557 521 625 Argynni
534 573 612 625 pesae
627 556 743 609 mid
757 573 844 624 aqam
866 556 1004 608 Cimmerim
1020 557 1143 618 tenebrae,

26 643 54 692 in
74 641 175 708 quibus
190 641 229 694 val
243 641 331 708 lynceis
348 643 422 694 oculis
438 641 497 692 nihil
513 639 695 692 diwemebetar.
723 639 910 691 Sebueidevinus
926 640 1049 692 divinavit:
1066 655 1144 707 pom

25 725 263 776 Athamantiadae.
297 727 424 792 ngnnns
447 725 549 792 Lyconis
569 725 645 784 filius,
666 739 738 791 nepos
760 723 919 774 Athamantis.
935 751 969 762 -
985 723 1045 774 Dein
1068 723 1143 774 Godd.

25 805 146 858 habent:
280 875 334 924 Hoc
347 872 433 938 juvene
449 874 535 924 amisso
552 873 649 924 classem
666 871 803 924 consolvit
820 873 928 932 Atrides,

313 957 362 1007 Pro
379 973 425 1022 qua
441 959 543 1006 mactata
558 959 595 1006 est
611 955 736 1022 Iphigenia
750 970 824 1006 mora

27 1043 180 1096 Adulterini
196 1047 221 1094 et
237 1045 325 1096 rancidi
339 1062 427 1096 versus.
445 1044 561 1096 Omnibus
575 1046 639 1095 enim
651 1045 832 1111 Agamemnonis
843 1049 868 1096 et
877 1045 1013 1113 Iphigeniae
1020 1046 1144 1097 notissima

26 1125 197 1179 lacrimabilis
221 1127 331 1187 historin
357 1127 418 1178 unde
439 1133 518 1180 tamen
539 1129 643 1195 quaesita
665 1128 697 1178 sit
718 1126 797 1178 abula
817 1127 847 1178 de
868 1127 976 1194 Argynni
992 1131 1068 1179 morte
1083 1145 1143 1195 qnae

27 1203 145 1260 Atriden
163 1226 177 1259 a
194 1212 339 1277 proiectione
355 1212 467 1272 retinent,
484 1212 614 1278 ignoretur.
641 1211 775 1262 Disticbnm
792 1226 860 1261 nemo
876 1210 1044 1277 interpolatum
1059 1213 1142 1277 negat,

29 1307 127 1342 omnes
143 1294 223 1342 amen
238 1291 263 1342 in
281 1295 392 1344 conuxtn
409 1293 531 1361 rccipiunt.

68 1395 121 1445 31.
155 1396 230 1446 Gran.
246 1411 294 1446 noa
310 1397 368 1448 tulit
384 1398 425 1448 bic
440 1399 547 1457 Paetum
564 1399 640 1465 Neep.
656 1414 705 1448 aaa
720 1398 779 1448 aru
795 1398 863 1448 laec.

70 1500 127 1559 33,
144 1501 186 1550 34.
221 1502 294 1552 Gran
311 1517 334 1552 v.
351 1503 397 1554 31:
422 1503 477 1553 ctio
493 1505 602 1561 calama·
628 1504 705 1570 Naap.
728 1502 784 1552 ctio
806 1503 929 1561 tholosam
954 1503 1053 1568 uterque
1067 1519 1091 1553 v.
1108 1504 1143 1554 40

32 1588 60 1632 et
71 1583 195 1649 fultum
218 1583 318 1634 Puecins
339 1599 383 1650 pro
404 1584 460 1636 chio
481 1586 588 1635 thalasso
611 1583 744 1650 corrigebat
765 1585 854 1642 Phiara·
876 1583 980 1649 Scaliger
996 1585 1082 1650 (gudo
1099 1600 1143 1652 pro

33 1667 74 1715 Et
86 1666 198 1732 sedan.
223 1666 321 1733 Recepic
339 1667 388 1718 Sed
407 1667 482 1730 Thyia
497 1697 531 1705 —
547 1668 641 1732 offulto.
658 1695 692 1706 -
709 1667 844 1718 Verborum
861 1668 1004 1718 constructio
1020 1669 1077 1718 baec
1094 1672 1143 1718 est.-

37 1749 136 1799 Paetns
156 1765 204 1799 non
220 1750 291 1808 atis,
313 1765 361 1799 non
378 1750 456 1816 potuit
472 1749 552 1799 andire
568 1749 694 1799 stridorem
711 1749 825 1816 procellae
841 1752 865 1799 et
880 1748 970 1812 laedere
986 1765 1068 1800 manns
1084 1749 1143 1800 duro

36 1833 109 1881 fune.
143 1833 190 1881 Sed
215 1832 273 1882 duic
294 1832 380 1896 effulta
402 1835 474 1899 caput
495 1831 574 1893 (solito
597 1831 709 1880 reclinare
731 1835 810 1897 caput)
833 1847 904 1898 supra
927 1831 997 1882 molle
1019 1830 1145 1898 pulvillum

38 1913 67 1961 in
86 1913 152 1962 lecto
168 1913 232 1962 acto
249 1929 278 1964 ex
294 1913 359 1978 ligno
376 1913 452 1978 Thyia
469 1916 510 1962 ant
526 1928 555 1963 ex
571 1911 703 1962 terebintho
721 1912 803 1963 Oricia
817 1913 889 1975 (alind
902 1912 1013 1978 lignum),
1027 1913 1145 1964 hnicvivo

38 1995 134 2045 ductus
151 1993 251 2044 abstulit
266 2010 354 2060 ungnes
371 1998 415 2046 ete.

77 2100 125 2149 36.
159 2099 237 2150 Locus
253 2100 402 2152 vehementer
418 2105 588 2152 controversus.
605 2102 679 2151 Gran.
696 2104 720 2151 et
737 2103 815 2167 Neap.
832 2107 857 2150 ct
873 2101 944 2152 micas·
959 2099 1146 2152 aeramenta

41 2181 133 2231 hiatur
149 2198 245 2246 aqum
263 2181 322 2254 Alii:
340 2183 448 2248 einiger
463 2183 571 2236 batam.
589 2185 753 2234 Lachmannus
769 2183 884 2247 conjecit:
901 2183 1052 2234 ciseicerum
1069 2183 1147 2234 iuvita

41 2263 128 2312 traxit
150 2263 233 2314 hiatur
255 2281 333 2330 apaan
356 2265 514 2316 Passeratius:
538 2271 562 2316 et
585 2266 665 2316 meet
681 2266 755 2316 νίίαηι
771 2266 850 2318 traxit
867 2266 949 2316 didus
965 2283 1049 2332 aquae
1084 2268 1146 2316 Cum

43 2344 150 2394 Heinsio
172 2345 263 2398 scribo:
289 2351 314 2397 ct
335 2348 445 2398 macrum
468 2348 560 2400 incisae
581 2349 660 2400 traxit
682 2349 764 2398 biatu
785 2366 869 2415 epm
903 2350 934 2398 In
951 2349 1024 2401 Codd.
1041 2351 1147 2418 seqnitur

42 2426 180 2480 mm,
301 2496 373 2547 Hunc
389 2513 464 2564 parvo
480 2497 537 2549 ferri
553 2498 613 2548 vidit
629 2514 676 2548 uox
692 2497 800 2564 improbe
815 2498 896 2564 lignei

334 2580 421 2630 Pactus
438 2583 467 2630 nt
482 2580 596 2630 occideret
612 2584 650 2630 tot
666 2581 740 2630 coiire
756 2580 825 2630 mala.

45 2665 189 2732 Propertius
206 2668 274 2717 Paeti
290 2684 373 2719 navem
390 2686 433 2719 nec
449 2685 546 2736 parvam
562 2687 605 2721 nco
621 2686 730 2735 magnam
747 2670 849 2728 dixerat;
867 2670 929 2737 qnod
943 2670 963 2720 si
977 2684 1050 2736 parva
1064 2669 1148 2719 fnisset

44 2751 70 2799 et
95 2750 176 2816 impar
198 2750 290 2810 itineri,
312 2756 381 2818 poeta
400 2769 447 2802 non
463 2753 548 2804 fluetus
565 2756 590 2803 at
605 2753 777 2818 navigationem
793 2753 903 2802 insacmi
919 2751 1048 2811 debuisset,
1065 2767 1147 2802 verum

45 2831 194 2898 imperitiam
219 2834 335 2899 magistri.
369 2837 405 2884 De
430 2835 525 2885 navium
549 2835 675 2900 exiguitate
699 2835 724 2884 in
750 2836 893 2885 amberiam
916 2833 1012 2885 canebat
1034 2835 1145 2894 Ovidius,

52 2914 128 2964 utica
147 2914 204 2974 III,
222 2915 252 2966 4:
269 2917 368 2982 Effugit
380 2918 493 2967 hiberam
507 2918 609 2968 mbae
622 2923 728 2968 catena
739 2921 869 2983 procellas,
885 2920 994 2984 dataque
1003 2921 1058 2981 plac
1066 2918 1148 2983 parcis
1161 2953 1163 2957 ,

47 3000 104 3048 vela
121 2997 215 3047 timoris
231 2999 328 3050 habeat.
353 2999 432 3058 Adde,
449 2998 520 3049 verba
536 3000 634 3050 minoris
647 3016 729 3050 versus
743 3005 779 3050 tot
792 3001 869 3051 coidre
883 3003 948 3050 mala
961 3001 1051 3051 nullam
1062 2999 1148 3051 babere

48 3081 226 3131 cohaerentiam
256 3095 310 3130 cum
335 3080 365 3131 iis
389 3097 447 3148 quae
472 3082 614 3148 praecedunt
638 3085 663 3131 et
688 3081 867 3148 subsequuntur.
901 3084 989 3133 Versus
1013 3081 1147 3134 subditicios

50 3162 132 3213 omisi.

84 3269 128 3318 40.
164 3267 238 3319 codd.
256 3267 352 3318 ailredi
362 3270 425 3335 flere
436 3274 523 3334 poteri.
542 3271 603 3320 (ium
620 3269 717 3320 Jecobio
733 3270 826 3337 reposui
837 3272 903 3337 flare
913 3274 1001 3336 potest.
1019 3270 1148 3320 Deventia

50 3353 141 3418 agitur.

85 3448 129 3498 48.
164 3449 259 3513 Longae
277 3465 367 3500 naam.
385 3450 502 3514 Scaliger,
520 3449 695 3510 Broukbusins‚
714 3449 864 3501 Casanbonns
880 3454 904 3500 et
917 3451 1067 3500 Burmannus
1074 3451 1147 3501 inter·

51 3533 178 3598 pretentnr
198 3531 316 3597 integras,
334 3547 380 3581 non
397 3532 531 3591 mutilatus,
548 3532 603 3600 quia
618 3532 719 3598 perjuris
736 3531 842 3582 membra
857 3533 935 3598 aliqua
951 3533 1148 3584 deformabantur.

52 3613 142 3661 Sensus
160 3615 233 3661 esset:
257 3611 380 3672 innoeens,
401 3614 481 3665 insons
498 3631 558 3665 sum.
576 3617 665 3664 Contra
682 3616 818 3674 aratorius,
836 3615 873 3664 cni
888 3614 997 3666 favebant
1014 3615 1108 3682 Lipsius
1126 3618 1150 3664 et

52 3694 275 3758 Strucbtmeyerus,
299 3695 428 3762 exponebat
450 3698 576 3756 formosas,
596 3697 722 3761 juveniles,
745 3700 842 3757 teretes,
866 3715 950 3748 manac
971 3701 1061 3763 hagae.
1094 3699 1149 3748 Hoc

53 3791 125 3826 seusu
151 3781 325 3844 usurpaverunt
350 3778 458 3830 Catullus
484 3779 578 3848 etipse
600 3780 749 3847 Propertius:
776 3781 853 3831 Falsa
877 3795 943 3832 com
964 3786 999 3831 eat
1020 3782 1150 3846 longaeque
