2642 4396
573 359 631 416 221

180 530 268 606 „Aut
287 548 408 608 quorum
429 529 532 590 titulus
552 547 606 607 per
625 528 751 590 barbara
770 529 846 590 colla
865 527 1023 609 pependit,

219 681 233 710 „
247 634 360 695 Caelati
381 634 477 694 medio
497 651 563 694 cum
583 634 700 694 saluere
719 632 790 694 fore.

180 736 319 813 „Aurum
339 741 484 816 spectato,
504 755 563 797 non
583 753 659 812 quae
679 754 782 797 manus
803 737 906 797 afferat
925 754 1038 798 aurum.

220 840 387 916 „Versibus
408 839 517 900 auditis
536 839 625 916 quid,
645 838 703 899 nisi
723 839 828 918 verba,
851 838 953 900 feres?

180 943 266 1018 „Qui
284 961 403 1022 versus,
424 941 501 1003 Coae
521 942 638 1002 dederit
657 960 712 1002 nec
731 961 851 1005 munera
872 944 981 1023 vestis,
1110 941 1149 1001 55

219 1091 233 1120 ‚‚
246 1046 335 1106 Istius
356 1044 411 1105 tibi
431 1045 471 1104 sit
491 1045 580 1105 surda
600 1045 664 1106 sine
684 1050 748 1106 arte
768 1047 843 1122 lyra.

67 1171 70 1180 ·
180 1151 283 1225 „Dum
303 1152 407 1208 vernat
427 1148 565 1228 sanguis,
587 1147 657 1218 dum
677 1147 759 1224 mgis
780 1148 895 1225 integer
915 1165 1025 1226 annus,

219 1296 233 1325 ,‚
246 1252 353 1329 Utere,
373 1268 411 1310 ne
431 1249 502 1325 quid
522 1268 588 1310 cras
607 1251 681 1311 libet
700 1250 739 1310 ab
759 1268 808 1311 ore
829 1251 903 1312 dies.

181 1356 278 1431 „Vidi
299 1374 353 1432 ego
374 1355 487 1416 odorati
506 1355 561 1414 vix
582 1359 646 1415 orta
666 1356 778 1416 rosaria
797 1355 899 1416 Paesti

219 1458 306 1534 „Sub
327 1459 469 1519 matutino
491 1463 572 1519 cocta
587 1459 689 1536 jacere
709 1459 821 1519 Nolo.”
1111 1459 1151 1518 60

175 1563 231 1623 His
251 1563 381 1623 animum
400 1567 517 1623 nostrae
537 1561 607 1622 dum
628 1567 727 1624 versat
746 1561 891 1622 Acanthis
912 1562 1023 1622 amicae

176 1759 235 1821 Sed
255 1780 328 1839 cape
348 1765 517 1839 torquatos,
538 1760 638 1821 Venus
659 1779 676 1822 o
696 1762 817 1840 regina,
839 1761 990 1822 columbae

215 1863 260 1925 Ob
281 1864 416 1925 meritum
437 1867 505 1923 ante
525 1867 590 1925 tuos
611 1867 730 1940 guttura
750 1868 832 1924 secta
851 1863 939 1926 focos.

175 1968 245 2028 Vidi
266 1985 321 2044 ego
341 1983 447 2042 rugoso
467 1966 573 2026 tussim
593 1984 778 2027 concrescere
799 1968 890 2045 collo,
1067 2052 1072 2060 ι
1107 1967 1146 2027 65

215 2071 365 2148 sputaque
385 2070 561 2146 perdentes
582 2069 624 2129 ire
645 2073 766 2130 cruenta
785 2087 889 2148 cavos,

175 2174 273 2252 Atque
294 2175 422 2233 animam
442 2173 473 2232 in
493 2177 607 2249 tegetes
627 2177 741 2248 putrem
763 2173 913 2248 exspirare
933 2175 1088 2251 paternas3

216 2279 337 2340 Horruit
357 2279 468 2354 algenti
488 2279 612 2354 pergula
632 2296 722 2337 curva
742 2277 813 2337 foco.

175 2383 342 2459 Exsequias
362 2381 478 2442 fuerant
497 2382 556 2441 rari
577 2380 687 2441 furtiva
708 2381 810 2457 capilli

216 2485 357 2561 Vincula,
379 2487 408 2545 et
428 2483 577 2543 immundo
597 2483 709 2560 pallida
729 2483 817 2543 mitra
837 2483 913 2559 situ,
1111 2483 1151 2543 70

176 2589 216 2650 et
236 2577 322 2648 canis
338 2588 369 2646 in
389 2591 503 2647 nostros
523 2587 611 2646 nimis
632 2591 804 2663 experrecta
824 2585 956 2662 dolores,

216 2690 291 2750 Cum
310 2690 440 2750 fallenda
460 2708 525 2750 meo
545 2691 652 2766 pollice
673 2690 786 2751 clathra
806 2690 909 2750 forent.

177 2792 222 2854 sit
241 2794 353 2854 tumulo
373 2793 458 2852 lenae
479 2797 560 2853 curto
581 2797 666 2852 vetus
686 2791 827 2869 amphora
847 2793 937 2872 collo;

216 2895 328 2972 Urgeat
348 2895 425 2955 hunc
445 2913 534 2972 supra
554 2895 616 2974 vis,
638 2894 791 2974 caprifico,
812 2900 873 2974 tua,

177 2997 319 3074 Quisquis
339 3018 435 3077 amas,
457 2999 567 3059 scabris
588 2997 643 3059 hoe
662 2998 780 3058 bustum
802 2995 917 3060 c'aedito
937 2999 1034 3078 saxis,
1110 2999 1149 3060 ‘15

216 3102 368 3178 Mixtaque
388 3119 454 3162 cum
474 3102 554 3161 saxis
576 3098 672 3178 adjice
692 3102 785 3161 verba
805 3102 893 3161 mala.

105 3253 129 3302 3.
163 3252 247 3302 Manes
263 3251 288 3302 in
304 3251 356 3317 ipso
374 3251 448 3302 cinere
465 3255 506 3302 tuo
522 3267 570 3301 uon
586 3252 718 3316 quiescant,
737 3251 775 3301 sed
792 3255 871 3302 errent
888 3255 912 3302 et
928 3254 1050 3318 vagentur.
1076 3249 1151 3302 cedd.

58 3345 79 3390 el
96 3341 226 3399 (lesberaa,¹
244 3341 353 3405 Perrejns
370 3345 394 3390 et
410 3341 461 3390 edd.
478 3341 543 3406 vulg.
560 3346 588 3392 at
606 3343 728 3393 Cerberus.

105 3431 129 3481 6.
164 3432 237 3480 Gran.
255 3433 278 3479 et
296 3431 319 3478 N
321 3446 370 3496 sap.
384 3431 489 3496 pessima
506 3430 574 3488 aoia;
596 3430 751 3490 Heinsianus,
771 3429 897 3480 Vossianus
915 3434 938 3481 at
955 3430 1064 3495 Perrejns
1081 3445 1150 3481 auus.

107 3521 129 3571 Ἰ.
164 3522 236 3571 Gron.
254 3524 278 3570 at
295 3519 370 3587 Neap.
387 3523 493 3586 aeolecto
510 3537 604 3571 rumore
621 3522 704 3571 mariti
709 3542 719 3579 ,·
738 3521 1021 3571 Mentelianusmars'tum.
1039 3519 1150 3570 Heinsius

59 3601 200 3667 proponebat
222 3603 334 3652 maritam
356 3604 392 3653 val
411 3605 541 3669 pudicam
568 3605 712 3654 Passeratius
728 3605 844 3664 musitae,
867 3605 1150 3672 excusantemque

59 3682 125 3734 lectio
141 3684 285 3751 probabilior
301 3685 400 3736 videtur.
424 3686 493 3736 ovid.
511 3688 566 3736 Art.
584 3687 637 3736 Am.
656 3687 696 3745 ΙΙ,
715 3687 772 3736 381.
798 3687 911 3752 Coajaqie
928 3688 1056 3738 adalman
1072 3687 1148 3738 viola·

60 3770 129 3832 laqus
139 3770 202 3832 jara
218 3769 328 3818 madiae.
