2642 4396
691 333 752 396 160

289 502 354 566 Nec
373 505 475 585 timor,
496 508 548 567 aut
567 507 629 566 ulla
648 509 694 568 est
713 507 831 568 clausae
851 510 945 568 tutela
964 509 1101 590 puellae,

329 609 394 669 Nec
412 608 512 686 gravis
532 609 642 670 austeri
661 627 756 687 poena
775 610 908 671 cavenda
928 610 994 671 viri.
1071 618 1073 621 '

182 795 184 800 Α
289 711 575 791 Nullopraemisso,
596 711 741 774 derebus
762 717 825 774 tute
846 715 976 790 loquaris
1237 715 1273 776 25

330 815 398 894 Ipse
418 814 493 877 tuis:
514 817 619 893 longae
640 817 722 878 nulla
742 818 860 896 repulsa
880 837 988 880 morae.

289 920 356 980 Non
377 919 488 997 'Eyriae
507 924 606 982 vestes
627 920 756 981 errantia
775 921 888 982 lumina
907 919 1031 1001 fallunt,

327 1024 383 1084 Est
402 1041 498 1101 neque
517 1024 656 1106 odoratae
677 1043 747 1085 cura
766 1026 891 1086 molesta
911 1042 1021 1086 comae.

289 1124 330 1185 At
349 1129 449 1187 nostra
468 1126 581 1204 ingenti
600 1126 684 1187 vadit
704 1126 885 1187 circumdata
905 1127 1008 1207 turba,

328 1229 392 1290 Nec
412 1229 537 1306 digitum
557 1233 683 1307 anguste
703 1235 748 1290 est
768 1229 927 1290 inseruisse
947 1230 1007 1291 via.
1234 1232 1271 1290 30

289 1331 353 1392 Nec
373 1349 449 1408 quse
470 1333 530 1393 sint
549 1331 656 1412 facies,
677 1350 732 1393 nec
752 1349 828 1408 quae
850 1333 910 1392 sint
929 1333 1021 1392 verba
1040 1331 1188 1412 rogandi,

328 1435 482 1496 Invenias:
504 1452 621 1495 caecum
641 1437 742 1494 verset
762 1438 877 1495 ametor
897 1435 962 1495 iter.

289 1537 401 1613 Quodsi
416 1538 486 1615 jura
504 1537 581 1599 iores
602 1555 773 1615 pugnasque
794 1538 910 1600 imitata
930 1538 1097 1618 Laconum,

330 1640 431 1703 Carior
451 1641 506 1703 hoc
527 1659 608 1704 esses
628 1645 662 1702 tu
682 1641 772 1721 mihi,
794 1643 904 1724 Rome,
925 1643 1011 1703 bono.

172 1813 174 1824 ·
220 1792 243 1842 1.
277 1792 355 1853 Jera,
372 1808 463 1853 mores,
480 1794 550 1844 ritus.

220 1885 244 1934 3.
276 1886 386 1951 Iasames
399 1887 483 1936 hedes
506 1885 579 1936 Codd.
602 1901 690 1936 omnes.
722 1885 1036 1936 cneocaesaream.
1070 1883 1133 1950 Quid
1149 1884 1171 1933 si
1190 1885 1268 1936 verior

170 1964 201 2014 sit
218 1965 305 2033 scripta
320 1966 406 2018 lectio?
424 1968 530 2018 Honeste
544 1967 613 2018 leude
626 1969 690 2032 digni
705 1972 771 2018 erent
783 1969 832 2018 ludi
844 1969 968 2034 Spartani,
982 1967 1011 2018 ed
1024 1983 1108 2034 eorpus
1121 1969 1267 2018 firmandum

169 2046 286 2108 iustituti;
304 2053 386 2099 contra
402 2051 491 2100 Romus
507 2050 611 2116 infames
629 2051 713 2101 laudes
730 2049 875 2110 obtinebunt,
888 2049 1266 2117 quippequisdturpeslibidiues

169 2126 299 2178 incitandas
316 2133 392 2180 esseut
408 2131 527 2180 instructi.

220 2221 245 2270 5.
278 2220 318 2271 Its
339 2221 411 2271 Oodd.
434 2221 473 2270 sed
495 2220 658 2286 interpretatio
675 2236 722 2269 non
739 2219 820 2270 facilis.
855 2219 957 2284 Scaliger
974 2219 1104 2286 corrigebat
1119 2221 1173 2285 pila
1190 2223 1267 2272 celoci

164 2303 252 2370 jectu,
274 2303 324 2371 piis
344 2307 441 2371 propter
455 2296 571 2361 velocem,
589 2302 747 2351 vehementem
761 2302 853 2365 jactum
870 2301 952 2366 effugit
969 2301 1030 2352 inter
1048 2303 1150 2353 brochis.
1185 2303 1266 2353 Lach-

169 2402 269 2438 mannus
289 2387 375 2437 velocis
396 2389 479 2452 quarto
502 2400 556 2434 essu
578 2387 729 2449 usurpatum,
752 2401 781 2434 cx
801 2385 895 2449 antiquo
912 2382 1027 2434 scribendi
1048 2400 1125 2443 more,
1142 2387 1266 2443 autumat,

169 2470 322 2536 exponitque:
340 2469 388 2535 pila
404 2469 516 2519 velociter
532 2467 603 2516 nimis
617 2467 733 2530 jactantes
750 2465 849 2532 decipit,
865 2467 891 2515 in
907 2465 1025 2531 obliquam
1039 2466 1194 2516 vianrdelute¹
1211 2467 1265 2531 Ege

170 2555 249 2600 sutem
265 2567 319 2601 cum
335 2551 465 2600 Passeratio
482 2551 569 2600 velocis
586 2549 688 2614 genitivo
706 2549 870 2615 cesucccipio;
881 2547 1013 2614 etexplico:
1031 2548 1080 2615 piis
1088 2565 1146 2613 qnae
1153 2548 1265 2598 velociter

166 2631 266 2696 jacitur,
281 2632 330 2699 pile
346 2633 432 2683 velocis
441 2632 526 2696 jactus
543 2631 639 2696 effugit,
656 2631 729 2696 sapit
747 2631 810 2681 inter
827 2629 934 2689 brechia,
950 2631 1013 2680 inter
1029 2647 1110 2680 monus
1127 2629 1264 2682 adversarii.

169 2714 256 2764 Eadem
281 2713 392 2764 orationis
417 2716 534 2764 structure
559 2712 662 2763 occurrit
685 2713 711 2762 iu
736 2713 826 2762 minore
843 2727 923 2763 versu:
938 2712 1052 2778 Increpat
1067 2717 1093 2763 et
1108 2713 1169 2764 cersi
1186 2715 1261 2765 clasis

169 2797 264 2848 adunca
280 2797 369 2848 trochi.

219 2888 243 2938 6.
275 2889 402 2954 Increpat,
420 2886 546 2954 crepitum,
565 2887 671 2938 sonitum
688 2885 743 2936 edit.

204 2977 243 3027 11.
280 2977 385 3042 Gyrtone,
403 2977 511 3037 Circum,
529 2981 623 3043 septena
639 2977 696 3027 circi
712 2975 788 3042 spstie
805 2975 834 3025 eb
851 2975 916 3042 equis
934 2973 1036 3042 pulsate.

204 3067 244 3119 13.
278 3067 333 3117 Hoc
349 3067 476 3118 distichum
493 3068 565 3118 Codd.
584 3069 730 3134 postponunt
746 3065 883 3132 insequenti.
900 3065 1062 3132 iampridem
1073 3063 1118 3114 viri
1126 3061 1189 3113 docti
1198 3064 1258 3114 ordi·

170 3163 223 3198 usm
238 3152 402 3211 restituerunt,
419 3167 493 3218 nsque
509 3151 656 3202 Lechmenui
672 3151 843 3216 argumentatio
860 3151 885 3199 in
902 3151 1045 3200 contrarium
1062 3149 1122 3216 apud
1138 3165 1177 3199 me
1193 3150 1261 3200 velet.

170 3232 277 3295 Etenim,
294 3238 322 3284 ut
338 3234 384 3284 elia
400 3235 521 3295 omittere,
542 3238 625 3285 Castor
646 3239 670 3285 et
688 3235 795 3294 Pollae,
812 3236 877 3285 inter
892 3250 951 3300 quos
968 3235 1058 3284 Helene
1074 3239 1106 3296 (v.
1125 3235 1157 3285 17
1174 3240 1197 3286 et
1215 3237 1260 3297 19),

169 3317 212 3362 ent
224 3320 340 3366 comatur
354 3316 378 3365 in
392 3318 473 3366 arenis
488 3318 610 3376 Eurotae,
627 3317 689 3383 quod
706 3316 834 3368 absurdum
850 3317 908 3374 erit;
926 3319 978 3376 sut,
995 3317 1015 3366 si
1023 3316 1140 3367 νεηνιέων
1148 3316 1261 3382 rejicitur,

170 3396 272 3463 proteris
293 3396 363 3448 serbo
379 3398 478 3452 carebit¹
504 3400 576 3464 Quod
597 3402 647 3457 tam
665 3401 725 3450 clere
741 3400 827 3459 elucet,
847 3403 875 3450 ut
891 3400 1053 3450 Lachmannus
1071 3399 1122 3464 ipse
1139 3399 1261 3450 addiderit:

172 3481 203 3532 In
226 3480 328 3530 Eurotae
350 3481 424 3531 crenis
448 3481 503 3548 quid
523 3481 610 3531 faciant
627 3483 752 3546 (Dioscuri)
769 3485 838 3549 posta
853 3498 900 3531 non
917 3482 981 3532 dicit.
1012 3480 1075 3531 Dicit
1091 3481 1261 3534 mediusfidius

171 3561 197 3612 iu
218 3577 287 3612 versu
311 3563 356 3623 16,
379 3563 420 3628 qni
442 3577 469 3612 ex
491 3565 638 3629 consequenti
661 3564 832 3630 autsponeudus
855 3567 902 3614 est:
921 3565 993 3614 turbe
1010 3565 1104 3614 leuatur
1121 3567 1196 3630 agris.
1228 3567 1262 3618 Ad

171 3645 285 3696 neonem
307 3645 422 3712 poeticum
445 3645 506 3712 quod
528 3645 624 3706 ettinst,
651 3647 801 3714 Propertius,
827 3662 881 3696 cum
902 3645 1064 3696 similitudines
1085 3649 1111 3696 et
1132 3648 1262 3716 exemplar

172 3727 255 3780 fabulis
272 3729 345 3796 petit,
363 3728 464 3780 essolet
481 3732 588 3793 ematque
604 3729 732 3794 geminare,
750 3733 820 3793 etque
836 3729 892 3780 sdeo
908 3727 1036 3793 triplicare.
