2640 4400
166 625 319 703 bergiiqne
340 624 599 686 undevicesimum.
627 623 741 698 Quibus
761 625 958 704 adstipulatur
978 629 1122 692 Martialis
1142 649 1256 692 versus:

414 743 517 808 Cyntinia
532 743 625 794 facundi
642 759 735 794 carmen
749 744 852 808 juvenile
869 747 987 812 Properti.
1008 756 1017 782 ¹

166 857 243 918 Hinc
264 875 379 934 quoque
399 856 590 936 intelligitur,
610 874 662 918 cnr
682 875 768 919 nemo
789 859 956 935 aequalium
975 861 1169 922 nominaverit
1190 881 1257 938 poe-

165 964 242 1040 tam,
253 961 304 1036 qui
321 979 357 1021 ea
374 964 452 1021 esset
468 964 584 1038 aetate,
603 969 636 1019 ut
653 960 812 1038 majoribus
829 961 867 1021 de
878 979 912 1023 eo
923 963 998 1023 bene
1009 981 1126 1040 sperare
1137 963 1255 1038 liceret,

165 1063 292 1126 nondum
322 1063 471 1124 uideretur
497 1063 679 1123 Mercurialis
705 1065 752 1123 vir
778 1065 880 1124 laurea
906 1063 1070 1144 Apollinari
1095 1067 1256 1127 donandus.

164 1167 287 1228 Festum
314 1182 497 1241 aequaevum
525 1166 575 1224 ille
601 1167 724 1226 notabat
750 1183 841 1242 seque
868 1168 911 1227 ita
937 1170 1086 1230 solabatur
1110 1170 1141 1229 in
1159 1169 1206 1228 El.
1229 1169 1257 1247 I,

164 1271 230 1330 Lib.
252 1269 334 1328 'I'ert
354 1287 383 1327 v.
405 1270 461 1328 21:

412 1385 445 1433 At
461 1383 520 1433 mihi
536 1385 597 1450 quod
614 1385 668 1434 vivo
685 1385 811 1434 detraxerit
827 1386 907 1436 inuida
922 1386 1002 1446 turba,

445 1467 503 1516 Post
519 1465 609 1516 obitum
624 1467 711 1532 duplici
726 1468 805 1517 fenore
822 1469 900 1518 reddet
917 1469 1008 1519 Honos.

165 1572 261 1649 Hujus
281 1571 399 1648 quidem
419 1571 476 1630 loci
497 1575 542 1631 est
561 1589 695 1651 monere,
715 1572 1258 1650 VulpiumratumiuisseVenusinum

165 1676 220 1735 sub
240 1675 339 1754 speeie
356 1675 466 1752 garruli
484 1679 514 1735 et
530 1676 689 1753 importuni
706 1675 833 1736 hominis
851 1675 912 1737 Set.
929 1677 989 1756 IX,
1006 1676 1074 1738 Lib.
1087 1677 1116 1756 I,
1132 1678 1256 1752 Pr0per·

164 1779 238 1839 tium
259 1779 444 1858 depinxisse,
466 1797 590 1855 eumque
611 1779 756 1855 carpsisse
776 1797 805 1838 u.
827 1781 880 1858 19,
902 1777 963 1840 Set.
978 1779 1148 1856 Xejusdem
1159 1780 1257 1839 Libri:

414 1896 457 1945 Nil
473 1899 566 1962 praeter
583 1895 683 1945 Calvum
700 1897 723 1944 at
739 1895 821 1945 doctus
838 1899 932 1945 cantare
949 1895 1076 1946 Catullum.

167 1966 276 2076 Quam!
297 2002 492 2080 conjecturem
527 2002 601 2062 ratio
636 2005 798 2078 temporum
834 2000 965 2061 funditus
995 2002 1157 2080 subvertit,
1188 2023 1258 2063 nem

166 2107 306 2168 Horatius
326 2106 496 2167 Sermonum
516 2105 623 2165 librum
643 2105 769 2181 primum
790 2105 883 2165 edidit
907 2123 983 2166 anno
1005 2103 1170 2184 Dooxlx3
1198 2123 1259 2181 qua

166 2215 340 2288 tempestate
367 2210 475 2271 Noster
498 2209 621 2268 nucibus
641 2208 758 2286 ludere,
780 2227 837 2269 non
858 2210 957 2286 elegos
977 2226 1106 2286 pangere
1127 2209 1257 2287 solebat,

165 2313 471 2376 nedum'ldaeoenatis
492 2314 622 2375 favorem
643 2315 790 2391 aucupari.
812 2315 924 2375 Rursus
945 2313 1059 2373 divinet
1073 2313 1259 2390 Propertium

166 2418 310 2478 lacessere
331 2435 434 2478 versus
455 2417 550 2496 Epist.
572 2417 603 2476 11
622 2417 689 2476 Lib.
712 2415 776 2477 See.
796 2434 824 2476 v.
847 2418 902 2475 99:

397 2535 496 2585 Discedo
513 2535 611 2586 Alcaeus
628 2539 715 2601 puncto
731 2535 807 2584 illius:
825 2533 866 2582 ille
882 2547 934 2582 meo
951 2533 1019 2597 quis?

397 2617 457 2682 Quis
474 2618 519 2666 nisi
536 2618 709 2667 Callimachus?
727 2617 748 2666 si
764 2616 817 2682 pius
834 2615 957 2681 adposcere
973 2614 1050 2674 uisus,

399 2699 437 2749 l'it
454 2700 600 2749 Mimncrnus
618 2703 641 2750 ct
661 2701 741 2766 optivo
758 2697 894 2763 cognomine
910 2697 1001 2748 crescit.

206 2807 328 2866 Flaccus
367 2805 565 2883 Epistolarum
603 2804 768 2864 Secundum
799 2807 866 2880 post
896 2822 1003 2864 annum
1034 2802 1259 2866 DGOXXXVH

165 2910 278 2986 emisit,
305 2907 369 2985 jam
396 2907 508 2968 duobus
536 2908 585 2966 vel
612 2906 686 2967 forte
713 2908 807 2967 tribus
837 2904 978 2983 dyatdtoa
1005 2906 1089 2967 libris
1115 2908 1258 2990 proditis,

166 3015 231 3074 ideo
262 3012 406 3090 Propertii
432 3011 595 3088 juvenilem
627 3011 717 3070 animi
749 3009 920 3088 elationem,
949 3027 1036 3085 quam
1060 3011 1148 3090 plura
1173 3016 1258 3090 pate·
1317 3039 1318 3054 ¹

163 3117 289 3194 faciunt,
308 3116 418 3175 urbano
436 3117 593 3174 scommate
610 3113 807 3192 perstringere
818 3114 929 3193 potuit;
947 3114 999 3174 sed
1011 3113 1134 3191 epistole
1143 3114 1258 3175 nullum

163 3224 314 3297 poetarum
321 3236 414 3294 genus
424 3217 643 3296 praetermittit,
655 3217 779 3292 ideoque
790 3217 902 3275 nullum
911 3219 1020 3276 certum
1030 3215 1191 3295 hominem,
1203 3220 1258 3278 sed

163 3322 290 3386 omnium
318 3320 392 3380 vitia
411 3320 468 3380 sibi
489 3319 616 3378 invicem
637 3335 757 3378 corones
777 3318 955 3379 nectentium
976 3318 1110 3378 cavillari
1129 3319 1256 3380 uidetur.
1317 3341 1318 3352 ¹

164 3422 210 3483 Ad
221 3423 276 3484 lnoc
288 3421 356 3482 Sex.
368 3421 506 3482 Aurelius
516 3438 660 3497 nusquam
671 3422 825 3482 Horatium
835 3422 984 3500 designat,
995 3421 1102 3483 nedum
1113 3421 1255 3485 Alcaeum

167 3584 377 3593 ...unu—mu...-

169 369 190 411 x

167 523 326 586 secundum
353 527 384 584 et
403 522 575 584 vicesimum
595 519 702 602 agens;
728 541 745 583 e
766 526 932 602 conjectura
951 526 1133 591 Lachmanni
1154 528 1256 589 Hertz-

1317 2979 1318 3032 i

1317 3281 1318 3340 i

200 3675 207 3701 ¹
246 3669 313 3718 Solus
331 3668 431 3734 Vulpius
448 3668 498 3718 loca
515 3667 667 3734 Propertiana
684 3666 806 3717 cruciando
823 3668 972 3734 Propertium
987 3671 1068 3720 natum
1080 3669 1181 3719 declaret
1193 3687 1255 3722 enno
1317 3663 1318 3724 ἔ

166 3751 303 3810 bonosii,
322 3750 417 3816 proinde
434 3749 540 3798 Primum
560 3747 657 3798 Librum
676 3749 796 3814 vulgatum
815 3751 896 3800 aetatis
914 3766 973 3801 enno
988 3752 1086 3818 septimo
1100 3755 1124 3801 et
1137 3752 1255 3804 vicesimo.
1317 3791 1318 3834 ,
