2624 4398
556 377 596 440 33

378 611 656 680 unneIA
704 613 781 682 XX.

311 755 314 764 “
438 769 491 815 un
506 768 718 818 crunnum.

319 888 403 954 <code
420 891 444 938 e
460 889 544 940 Bm.
563 890 608 950 10,
625 889 725 940 uacum.
742 891 788 952 00,
806 893 839 956 1.)
867 897 869 904 ’

148 1025 217 1087 Non
237 1041 292 1101 ego
312 1041 389 1084 nune
409 1024 510 1085 tristes
529 1041 648 1105 vereor,
669 1043 736 1088 mea
756 1025 901 1110 Cynthia,
922 1029 1040 1114 Manes,

188 1129 254 1189 Neo
273 1145 369 1188 moror
389 1131 519 1188 extremo
539 1127 641 1189 debita
661 1127 723 1190 fata
743 1149 829 1212 rog03

150 1229 210 1292 Sed
230 1229 360 1291 neforto
379 1233 431 1290 tuo
451 1234 550 1291 careat
570 1230 644 1291 mihi
664 1229 751 1293 funus
773 1252 884 1316 amore,

190 1331 249 1393 Hic
267 1331 354 1393 timor
374 1335 420 1392 est
439 1330 512 1409 ipsis
533 1331 632 1392 durior
653 1335 812 1418 exsequiis.

148 1436 218 1498 Non
238 1435 311 1497 adeo
331 1436 437 1496 leviter
456 1435 563 1496 nostris
583 1436 662 1495 Puer
682 1435 781 1498 haesit
802 1440 921 1521 ocellis,
1105 1445 1125 1506 5

187 1540 229 1600 Ut
248 1555 332 1599 meus
351 1539 443 1600 oblito
461 1538 561 1616 pulvis
583 1557 681 1599 amore
702 1544 798 1602 vacet.

147 1643 214 1704 lllic
233 1641 412 1718 Phylacides
429 1640 578 1719 jucundae
600 1641 733 1720 conjugis
753 1642 856 1724 heros,

185 1747 254 1808 Non
273 1747 369 1825 potuit
390 1747 485 1808 caecis
506 1747 658 1808 immemor
677 1764 743 1807 esse
763 1747 852 1828 locis3

146 1848 207 1910 Sed
227 1850 351 1927 cupidus
372 1848 456 1910 falsis
477 1849 622 1926 attingere
642 1849 753 1926 gaudia
772 1851 896 1928 palmis,

188 1952 344 2013 Thessalis
365 1953 517 2030 antiquam
538 1957 673 2031 venerat,
694 1953 814 2032 umbra,
835 1953 962 2017 domum.
1083 1961 1123 2023 10

148 2055 230 2135 Illic,
251 2055 392 2132 quicquid
413 2073 477 2134 ero,
500 2073 616 2134 semper
635 2059 687 2116 tua
707 2055 790 2116 dicar
809 2055 922 2134 imago:

187 2158 313 2235 Trajicit
333 2162 363 2218 et
383 2157 437 2218 fati
458 2159 545 2219 litora
565 2175 690 2235 magnus
711 2177 800 2219 amor.

144 2259 212 2321 Illic
231 2260 382 2322 formosae
394 2262 515 2322 veniant
536 2261 640 2323 chorus
661 2262 819 2342 heminae,

186 2362 268 2438 Quas
288 2363 371 2424 dedit
390 2362 511 2440 Argivis
531 2363 673 2424 Dardana
693 2364 806 2441 praeda
826 2363 913 2445 viris3

145 2467 259 2528 Herum
278 2469 361 2528 nulla
379 2471 433 2528 tna
453 2465 541 2528 fuerit
561 2467 650 2547 mihi,
671 2467 816 2547 Cynthia,
837 2467 929 2530 forma
1082 2475 1121 2536 15

183 2571 316 2632 Gratior:
338 2574 368 2631 et
388 2570 491 2631 Tellus
511 2569 567 2631 hoc
587 2571 630 2630 ita
645 2571 729 2648 justa
749 2571 836 2631 sinat.

145 2673 289 2750 Quamvis
309 2678 340 2735 10
359 2673 465 2751 longae
485 2678 667 2735 remorentur
687 2673 749 2736 fata
770 2678 923 2755 senectae,

185 2777 263 2839 Cara
283 2781 381 2838 tamen
401 2777 530 2837 lacrimis
552 2795 620 2838 ossa
640 2776 738 2838 liutura
758 2778 834 2839 tuisl

145 2879 230 2956 Quae
251 2881 293 2961 si,
313 2881 391 2960 vita,
412 2899 479 2942 mea
498 2882 609 2959 possim
630 2881 738 2942 sentire
759 2880 877 2962 favilla,

183 2987 263 3047 Tum
283 2985 358 3046 mihi
377 3003 435 3046 uon
454 2986 516 3046 ullo
536 3003 613 3046 mors
634 2986 674 3046 sit
694 3004 795 3062 amara
814 2987 887 3047 1000.
1081 2992 1121 3052 20

145 3086 241 3162 Quam
261 3105 380 3166 vereor,
402 3104 440 3147 uo
460 3090 491 3148 10
511 3090 692 3166 contempto,
713 3084 858 3165 Cynthia,
879 3086 981 3167 busto,

184 3189 346 3250 Abstrahat
367 3210 386 3250 0
406 3194 504 3251 nostro
524 3191 646 3266 pulvere
667 3189 786 3265 iniquus
806 3187 913 3269 Amor,

146 3292 239 3371 Gogat
258 3297 289 3355 et
309 3295 432 3354 invitam
452 3294 590 3356 lacrimas
610 3294 721 3354 siccare
741 3293 896 3355 cadentesl

184 3399 328 3460 Flectitur
349 3396 477 3458 assiduis
498 3399 579 3457 certa
598 3395 699 3473 puella
719 3396 816 3456 minis.

148 3497 259 3580 Quare,
281 3501 351 3560 dum
371 3500 457 3578 licet,
478 3499 628 3560 internos
648 3498 791 3558 laetemur
811 3501 959 3578 amantes,
989 3528 992 3532 ·
1080 3501 1120 3562 25

183 3605 250 3666 Non
270 3603 344 3664 satis
365 3607 410 3664 est
430 3603 490 3664 ullo
511 3607 641 3680 tempore
661 3602 766 3678 longus
786 3620 875 3663 amor.

63 3770 104 3819 15.
137 3771 206 3826 Codd.
225 3775 340 3830 Quorum.
356 3773 469 3824 Heinsius
487 3771 590 3822 correxit
606 3770 713 3829 Harumf
730 3767 848 3837 praecedit
863 3768 925 3820 enim
941 3785 1008 3835 quac.

1005 3865 1021 3916 8
