2642 4396
568 417 570 422 .
582 367 640 426 223

92 545 137 593 29.
172 542 292 594 Simulare
306 543 398 602 cirum
415 547 440 594 te
457 546 555 610 nuptam
570 547 666 609 fingere.
684 543 758 593 Ferte
771 542 848 610 pudici
862 541 910 592 tori
921 540 996 592 cerins
1010 541 1160 608 adpetuntur.

92 634 137 682 34.
174 633 248 684 Codd.
265 634 356 684 &deris
373 634 437 692 dieu
455 634 584 684 Beroaldus
600 633 702 684 correxit
718 633 801 683 Isidis.

92 721 137 771 35.
172 723 209 772 nx
226 722 316 772 enedlis
331 723 378 773 tuis
396 723 446 773 Iole
462 723 525 772 dicct
541 727 566 773 te
581 727 662 773 netem
678 721 770 790 Aprili,
787 721 885 788 Amycle
901 725 976 787 finget
991 719 1073 770 Idibus
1086 719 1155 783 Meji.

93 811 137 862 52.
174 810 246 862 Codd.
270 813 369 872 caelati,
392 812 416 861 id
438 816 473 862 est
494 812 636 877 stigmatici,
659 813 720 862 servi
742 829 755 862 e
776 814 833 878 iugc
849 812 952 862 retrscti.
981 811 1026 860 Vel
1041 810 1159 876 turpiores

57 894 272 960 flagitiosiorecque
288 910 366 944 servos
383 911 412 944 ne
428 894 571 961 despexeris,
589 894 610 944 si
626 895 731 945 emenus
747 910 881 944 crumenam
898 897 1033 944 tumentem.

94 983 139 1034 54.
173 984 222 1034 Hic
239 984 312 1034 Codd.
330 983 416 1033 eddnut
433 984 571 1034 distichum:

316 1066 379 1132 Quid
392 1067 461 1131 juvat
478 1071 560 1116 ornato
578 1065 713 1133 procedere,
730 1066 791 1125 vita,
809 1065 909 1132 eupillo,

348 1151 476 1199 merenies
494 1150 543 1198 Coe
560 1151 623 1198 ceste
639 1165 733 1198 movere
750 1149 833 1198 sinus?

60 1232 169 1298 Quidem
186 1232 276 1297 glossae
291 1231 372 1290 modo,
389 1232 432 1281 hos
450 1247 529 1282 versus
546 1231 684 1297 exemplaris
700 1231 736 1281 sui
749 1230 849 1296 margini
864 1229 1019 1295 adscripscrat
1035 1229 1160 1279 distichum

58 1313 246 1380 Propertienum
262 1314 379 1379 cogitans,
397 1313 473 1363 scribe
488 1314 514 1362 iu
530 1318 665 1364 contextum
682 1313 800 1372 traduxit,
810 1313 908 1363 editores
917 1315 1040 1362 servarimt
1045 1333 1052 1370 ;
1062 1312 1160 1376 ejecerat

59 1398 243 1456 Lachmannus,
260 1397 398 1446 recentiores
416 1396 544 1445 restituere.
562 1397 685 1460 Leguntur
701 1397 726 1444 iu
743 1395 781 1445 El.
799 1396 820 1443 V
840 1395 893 1445 Lib.
909 1396 984 1445 Prim.
1003 1395 1129 1458 Cynthiae.

97 1486 141 1535 55.
175 1486 249 1535 Poeta
263 1485 339 1551 ignoti
355 1485 468 1544 nominis,
485 1485 625 1549 quicumque
641 1485 685 1544 ait,
703 1484 802 1534 hicnon
816 1489 909 1535 tentum
924 1485 1004 1534 Ovidii
1018 1485 1072 1534 Lib.
1086 1485 1161 1534 Prim.

60 1570 118 1618 Am.
138 1568 192 1617 vll
209 1567 295 1633 elegiae
311 1568 434 1626 meminit,
452 1567 491 1616 sed
508 1568 563 1616 Art.
581 1568 635 1617 Am.
657 1567 699 1626 II,
716 1583 740 1616 v.
757 1568 804 1616 381
824 1571 847 1618 et
864 1585 922 1634 seq:

267 1651 378 1700 Carmine
394 1651 540 1700 laudamur:
557 1651 603 1700 ced
617 1667 715 1700 munera
732 1667 820 1715 maeres
834 1656 962 1715 petuntur.-

298 1733 431 1782 Dumnccde
447 1733 480 1781 sit
496 1732 573 1790 dioec,
592 1733 708 1782 tartaree
724 1732 775 1798 ipsc
789 1734 869 1797 placet
886 1770 893 1782 .
912 1769 919 1782 .
938 1769 945 1782 .
1025 1725 1028 1731 ’

265 1817 321 1882 Ipse
337 1815 394 1866 ticet
410 1815 487 1864 Mests
503 1815 584 1864 cerciac
602 1815 742 1873 comitetur,
759 1815 875 1873 Homero,

300 1898 327 1946 ee·
342 1898 407 1946 nihil
422 1898 553 1956 adtuleris,
571 1897 629 1956 ibic,
647 1897 763 1955 Homero,
774 1897 858 1962 seraa.

100 1980 142 2029 de.
177 1983 215 2030 Ne
238 1983 300 2029 setes
322 1980 429 2029 detrahat
451 1979 537 2045 aliquid
559 1980 587 2029 de
609 1982 697 2038 formu,
719 1979 755 2028 uti
777 1977 877 2044 explicet
900 1977 1059 2028 Forcellinius.
1088 1978 1163 2027 Codd.

62 2063 184 2129 scriptura
201 2061 384 2111 emendationem
400 2078 447 2111 non
465 2063 547 2128 poscit.

101 2151 143 2201 59.
178 2151 251 2202 Codd.
268 2153 362 2202 victura
379 2152 481 2202 roseria.
513 2154 672 2218 Interpretes:
696 2151 783 2202 diutius
805 2166 964 2217 permansura.
997 2151 1042 2201 Sed
1058 2150 1164 2216 quisnam
1233 2221 1235 2226 Α

62 2236 153 2284 florum
170 2238 269 2286 aetutem
286 2236 421 2284 diuturnem
438 2235 574 2300 promittit?
592 2235 704 2286 Heinsius
721 2234 852 2284 emendavit
867 2233 908 2284 cic
925 2239 987 2284 orta.

102 2326 144 2374 ei.
182 2327 288 2390 Peqetec,
307 2324 381 2374 storia
397 2341 425 2374 ex
442 2325 544 2374 calamis.

103 2413 144 2461 68.
178 2415 250 2462 Gron.
263 2415 354 2479 pocula
370 2429 454 2472 curce,
473 2415 551 2478 Nenp.
563 2414 665 2478 percule
682 2428 762 2462 curra.
783 2411 918 2460 Dresdeneis
936 2413 959 2460 et
976 2411 1086 2476 Perrejus
1103 2412 1163 2461 Per·

62 2495 128 2560 qula
142 2509 222 2544 caree.
240 2497 369 2560 Perpetem
384 2495 490 2560 intelligo
505 2496 533 2544 de
546 2511 649 2561 paupere
663 2495 754 2554 cesule,
768 2494 866 2544 mendici
878 2493 1011 2544 habitaculo
1016 2515 1024 2553 ;
1039 2511 1062 2544 v.
1072 2495 1165 2544 Porcel-

64 2576 153 2626 linium
170 2576 199 2625 nd
216 2581 305 2639 vocem)
323 2593 430 2636 curram,
448 2593 507 2642 quse
523 2576 566 2628 snb
583 2578 685 2643 pondere
701 2593 743 2626 suo
760 2579 884 2634 curvatur,
902 2577 993 2625 ruinam
1009 2576 1140 2626 minitetur.

105 2666 145 2714 72.
178 2666 251 2714 Gron.
268 2667 364 2724 cultra,
387 2667 464 2732 Neep.
481 2667 561 2716 cultra
566 2687 576 2725 ;
597 2667 697 2716 Puccius
714 2669 822 2717 claustra
826 2687 836 2724 ς
854 2665 964 2730 Perrejus
980 2666 1166 2726 clathra,idest

65 2747 191 2806 clethroe,
209 2747 271 2813 quod
288 2747 378 2814 saepius
395 2751 528 2814 usurpetur.
1051 2743 1054 2748 ’

105 2837 145 2886 73.
181 2835 254 2884 Codd.
268 2837 302 2885 eit
315 2839 431 2894 tumulus,
449 2837 511 2901 quod
518 2838 659 2904 interpretes
667 2837 798 2904 explicent:
816 2838 938 2904 Amphora
946 2840 1013 2888 vetus
1022 2838 1053 2887 sit
1060 2837 1166 2888 tumulus

66 2918 112 2968 illi.
139 2917 184 2966 Sed
206 2917 356 2978 Burmannus
377 2918 456 2966 docuit
478 2919 502 2966 in
525 2905 622 2968 tumulis
645 2919 777 2969 vetularum
794 2917 910 2968 bibecinm
927 2921 1015 2968 veteres
1032 2919 1167 2985 adposuisse

68 3000 186 3065 scyphum
202 3015 315 3058 vacuum,
332 3003 356 3048 et
372 3000 474 3049 correxit
489 3001 522 3050 rit
538 3003 644 3060 tremule,
662 3001 693 3050 sit
709 3001 734 3050 in
750 2998 849 3050 tumulo.

103 3090 144 3140 76.
179 3089 251 3138 Gron.
269 3090 349 3154 adjice
365 3090 450 3148 cerbc,·
469 3093 546 3157 Nesp.
563 3091 655 3141 adite.

594 3258 638 3322 II.

392 3411 446 3458 nu
466 3411 652 3458 nunnoni:
672 3411 839 3459 seueris.

325 3531 421 3592 (core,
447 3533 529 3581 curm.
555 3531 585 3590 e,
612 3531 664 3590 1v;
690 3531 787 3581 nanim.
813 3530 843 3589 e,
871 3531 911 3592 v.)

102 3667 156 3718 Hos
171 3681 265 3724 versus,
282 3666 441 3730 fragmentum
458 3665 566 3716 carminis
582 3665 714 3731 deperditi,
732 3666 805 3716 Codd.
823 3661 1132 3730 emunguuteiegiaeanhsa-

136 3747 223 3813 quenti.
241 3749 338 3798 Veteres
346 3747 458 3798 editiones
466 3750 617 3813 repererunt,
634 3751 803 3814 praeponentes
809 3751 888 3798 temen
896 3748 999 3814 primum
1007 3747 1132 3798 distichum
