<?xml version="1.0" encoding="UTF-8"?>
<!DOCTYPE html PUBLIC "-//W3C//DTD XHTML 1.0 Transitional//EN"
    "http://www.w3.org/TR/xhtml1/DTD/xhtml1-transitional.dtd">
<html xmlns="http://www.w3.org/1999/xhtml" xml:lang="en" lang="en">
 <head>
  <title>
</title>
<meta http-equiv="Content-Type" content="text/html;charset=utf-8" />
  <meta name='ocr-system' content='tesseract 3.04.00' />
  <meta name='ocr-capabilities' content='ocr_page ocr_carea ocr_par ocr_line ocrx_word'/>
</head>
<body>
  <div class='ocr_page' id='page_1' title='image "./cynthiacumlibro00carugoog_0055.png"; bbox 0 0 2640 4400; ppageno 0'>
   <div class='ocr_carea' id='block_1_1' title="bbox 200 378 310 425">
    <p class='ocr_par' dir='ltr' id='par_1_1' title="bbox 200 378 310 425">
     <span class='ocr_line' id='line_1_1' title="bbox 200 378 310 425; baseline 0 0"><span class='ocrx_word' id='word_1_1' title='bbox 200 378 310 425; x_wconf 76' lang='lat' dir='ltr'><strong>mm</strong></span> 
     </span>
    </p>
   </div>
   <div class='ocr_carea' id='block_1_2' title="bbox 198 532 1306 2162">
    <p class='ocr_par' dir='ltr' id='par_1_2' title="bbox 198 532 1305 1221">
     <span class='ocr_line' id='line_1_2' title="bbox 198 532 1275 619; baseline 0 -17"><span class='ocrx_word' id='word_1_2' title='bbox 198 560 247 602; x_wconf 91' lang='lat' dir='ltr'><strong>cor</strong></span> <span class='ocrx_word' id='word_1_3' title='bbox 264 532 437 617; x_wconf 84' lang='lat' dir='ltr'><strong>elegiam&#39;in</strong></span> <span class='ocrx_word' id='word_1_4' title='bbox 456 540 568 600; x_wconf 91' lang='lat' dir='ltr'><strong>Lenam</strong></span> <span class='ocrx_word' id='word_1_5' title='bbox 588 539 709 600; x_wconf 87' lang='lat' dir='ltr'><strong>innuere</strong></span> <span class='ocrx_word' id='word_1_6' title='bbox 730 539 891 600; x_wconf 78' lang='lat' dir='ltr'>Troezena.</span> <span class='ocrx_word' id='word_1_7' title='bbox 912 539 1010 616; x_wconf 81' lang='lat' dir='ltr'><strong>Atque</strong></span> <span class='ocrx_word' id='word_1_8' title='bbox 1021 539 1126 601; x_wconf 81' lang='lat' dir='ltr'><strong>Sabini</strong></span> <span class='ocrx_word' id='word_1_9' title='bbox 1136 541 1275 619; x_wconf 81' lang='lat' dir='ltr'><strong>ingenim</strong></span> 
     </span>
     <span class='ocr_line' id='line_1_3' title="bbox 198 642 1276 721; baseline -0.002 -17"><span class='ocrx_word' id='word_1_10' title='bbox 198 643 384 704; x_wconf 86' lang='lat' dir='ltr'><strong>considerans</strong></span> <span class='ocrx_word' id='word_1_11' title='bbox 401 643 453 718; x_wconf 90' lang='lat' dir='ltr'><strong>qui</strong></span> <span class='ocrx_word' id='word_1_12' title='bbox 477 642 674 703; x_wconf 82' lang='lat' dir='ltr'><strong>inventionem</strong></span> <span class='ocrx_word' id='word_1_13' title='bbox 695 642 732 701; x_wconf 91' lang='lat' dir='ltr'><strong>ab</strong></span> <span class='ocrx_word' id='word_1_14' title='bbox 753 642 812 701; x_wconf 87' lang='lat' dir='ltr'><strong>alio</strong></span> <span class='ocrx_word' id='word_1_15' title='bbox 838 642 965 714; x_wconf 80' lang='lat' dir='ltr'><strong>mutuari</strong></span> <span class='ocrx_word' id='word_1_16' title='bbox 987 646 1018 703; x_wconf 90' lang='lat' dir='ltr'><strong>et</strong></span> <span class='ocrx_word' id='word_1_17' title='bbox 1040 642 1174 705; x_wconf 86' lang='lat' dir='ltr'><strong>diversas</strong></span> <span class='ocrx_word' id='word_1_18' title='bbox 1189 645 1276 721; x_wconf 85' lang='lat' dir='ltr'><strong>poesis</strong></span> 
     </span>
     <span class='ocr_line' id='line_1_4' title="bbox 198 730 1304 826; baseline 0.002 -20"><span class='ocrx_word' id='word_1_19' title='bbox 198 747 306 808; x_wconf 86' lang='lat' dir='ltr'><strong>formas</strong></span> <span class='ocrx_word' id='word_1_20' title='bbox 333 746 442 806; x_wconf 85' lang='lat' dir='ltr'><strong>imitari</strong></span> <span class='ocrx_word' id='word_1_21' title='bbox 468 745 638 822; x_wconf 82' lang='lat' dir='ltr'><strong>consuevit,</strong></span> <span class='ocrx_word' id='word_1_22' title='bbox 662 746 776 804; x_wconf 85' lang='lat' dir='ltr'><strong>vultum</strong></span> <span class='ocrx_word' id='word_1_23' title='bbox 804 749 834 805; x_wconf 86' lang='lat' dir='ltr'><strong>et</strong></span> <span class='ocrx_word' id='word_1_24' title='bbox 860 745 1019 824; x_wconf 87' lang='lat' dir='ltr'><strong>incessum,</strong></span> <span class='ocrx_word' id='word_1_25' title='bbox 1047 752 1080 807; x_wconf 88' lang='lat' dir='ltr'><strong>ut</strong></span> <span class='ocrx_word' id='word_1_26' title='bbox 1108 749 1152 808; x_wconf 85' lang='lat' dir='ltr'><strong>ita</strong></span> <span class='ocrx_word' id='word_1_27' title='bbox 1176 749 1276 826; x_wconf 82' lang='lat' dir='ltr'><strong>dicam,</strong></span> <span class='ocrx_word' id='word_1_28' title='bbox 1303 730 1304 750; x_wconf 50' lang='lat'>¹</span> 
     </span>
     <span class='ocr_line' id='line_1_5' title="bbox 200 843 1278 929; baseline 0.001 -19"><span class='ocrx_word' id='word_1_29' title='bbox 200 843 284 911; x_wconf 87' lang='lat' dir='ltr'><strong>suum</strong></span> <span class='ocrx_word' id='word_1_30' title='bbox 301 849 443 928; x_wconf 81' lang='lat' dir='ltr'><strong>retinens,</strong></span> <span class='ocrx_word' id='word_1_31' title='bbox 465 867 522 909; x_wconf 91' lang='lat' dir='ltr'><strong>non</strong></span> <span class='ocrx_word' id='word_1_32' title='bbox 541 865 659 924; x_wconf 87' lang='lat' dir='ltr'><strong>prorsus</strong></span> <span class='ocrx_word' id='word_1_33' title='bbox 679 852 788 908; x_wconf 85' lang='lat' dir='ltr'><strong>temere</strong></span> <span class='ocrx_word' id='word_1_34' title='bbox 806 849 961 926; x_wconf 89' lang='lat' dir='ltr'><strong>quisquam</strong></span> <span class='ocrx_word' id='word_1_35' title='bbox 983 849 1121 928; x_wconf 88' lang='lat' dir='ltr'><strong>conjiciat</strong></span> <span class='ocrx_word' id='word_1_36' title='bbox 1141 856 1173 912; x_wconf 87' lang='lat' dir='ltr'><strong>ct</strong></span> <span class='ocrx_word' id='word_1_37' title='bbox 1192 853 1278 929; x_wconf 86' lang='lat' dir='ltr'><strong>ipsum</strong></span> 
     </span>
     <span class='ocr_line' id='line_1_6' title="bbox 200 951 1278 1031; baseline -0.003 -17"><span class='ocrx_word' id='word_1_38' title='bbox 200 954 338 1031; x_wconf 78' lang='lat' dir='ltr'><strong>punxisse</strong></span> <span class='ocrx_word' id='word_1_39' title='bbox 355 957 491 1029; x_wconf 83' lang='lat' dir='ltr'><strong>quattuor</strong></span> <span class='ocrx_word' id='word_1_40' title='bbox 508 951 616 1012; x_wconf 88' lang='lat' dir='ltr'><strong>erotica</strong></span> <span class='ocrx_word' id='word_1_41' title='bbox 626 951 755 1011; x_wconf 88' lang='lat' dir='ltr'><strong>carmina</strong></span> <span class='ocrx_word' id='word_1_42' title='bbox 765 951 1075 1028; x_wconf 84' lang='lat' dir='ltr'><strong>Pseudopropertiana.</strong></span> <span class='ocrx_word' id='word_1_43' title='bbox 1096 954 1278 1015; x_wconf 85' lang='lat' dir='ltr'><strong>Meratamen</strong></span> 
     </span>
     <span class='ocr_line' id='line_1_7' title="bbox 201 1055 1279 1136; baseline -0.004 -18"><span class='ocrx_word' id='word_1_44' title='bbox 201 1059 367 1136; x_wconf 87' lang='lat' dir='ltr'><strong>conjectura</strong></span> <span class='ocrx_word' id='word_1_45' title='bbox 390 1058 469 1116; x_wconf 92' lang='lat' dir='ltr'><strong>nullo</strong></span> <span class='ocrx_word' id='word_1_46' title='bbox 496 1055 569 1115; x_wconf 91' lang='lat' dir='ltr'><strong>satis</strong></span> <span class='ocrx_word' id='word_1_47' title='bbox 600 1058 680 1116; x_wconf 85' lang='lat' dir='ltr'><strong>certo</strong></span> <span class='ocrx_word' id='word_1_48' title='bbox 709 1060 880 1131; x_wconf 84' lang='lat' dir='ltr'><strong>argumento</strong></span> <span class='ocrx_word' id='word_1_49' title='bbox 910 1057 1026 1136; x_wconf 80' lang='lat' dir='ltr'><strong>nititnr3</strong></span> <span class='ocrx_word' id='word_1_50' title='bbox 1058 1056 1185 1134; x_wconf 85' lang='lat' dir='ltr'><strong>ideoque</strong></span> <span class='ocrx_word' id='word_1_51' title='bbox 1214 1059 1279 1117; x_wconf 85' lang='lat' dir='ltr'><strong>inter</strong></span> 
     </span>
     <span class='ocr_line' id='line_1_8' title="bbox 201 1159 1305 1221; baseline -0.001 -1"><span class='ocrx_word' id='word_1_52' title='bbox 201 1159 438 1221; x_wconf 88' lang='lat' dir='ltr'><strong>scholasticorum</strong></span> <span class='ocrx_word' id='word_1_53' title='bbox 459 1160 599 1221; x_wconf 85' lang='lat' dir='ltr'><strong>subsellia</strong></span> <span class='ocrx_word' id='word_1_54' title='bbox 620 1163 690 1220; x_wconf 86' lang='lat' dir='ltr'><strong>nata</strong></span> <span class='ocrx_word' id='word_1_55' title='bbox 711 1160 802 1220; x_wconf 76' lang='lat' dir='ltr'><strong>nutius</strong></span> <span class='ocrx_word' id='word_1_56' title='bbox 823 1160 880 1218; x_wconf 87' lang='lat' dir='ltr'><strong>erit</strong></span> <span class='ocrx_word' id='word_1_57' title='bbox 901 1159 1008 1220; x_wconf 84' lang='lat' dir='ltr'><strong>dicore.</strong></span> <span class='ocrx_word' id='word_1_58' title='bbox 1304 1161 1305 1206; x_wconf 80' lang='lat' dir='ltr'><strong>l</strong></span> 
     </span>
    </p>

    <p class='ocr_par' dir='ltr' id='par_1_3' title="bbox 200 1263 1306 1956">
     <span class='ocr_line' id='line_1_9' title="bbox 240 1263 1279 1341; baseline -0.003 -18"><span class='ocrx_word' id='word_1_59' title='bbox 240 1265 326 1325; x_wconf 90' lang='lat' dir='ltr'><strong>Nunc</strong></span> <span class='ocrx_word' id='word_1_60' title='bbox 352 1263 490 1340; x_wconf 80' lang='lat' dir='ltr'><strong>longioris</strong></span> <span class='ocrx_word' id='word_1_61' title='bbox 515 1263 785 1324; x_wconf 80' lang='lat' dir='ltr'><strong>lucubratiunculae</strong></span> <span class='ocrx_word' id='word_1_62' title='bbox 812 1267 927 1339; x_wconf 86' lang='lat' dir='ltr'><strong>tempus</strong></span> <span class='ocrx_word' id='word_1_63' title='bbox 948 1267 994 1324; x_wconf 88' lang='lat' dir='ltr'><strong>est</strong></span> <span class='ocrx_word' id='word_1_64' title='bbox 1013 1263 1109 1324; x_wconf 82' lang='lat' dir='ltr'><strong>facere</strong></span> <span class='ocrx_word' id='word_1_65' title='bbox 1134 1263 1238 1341; x_wconf 87' lang='lat' dir='ltr'><strong>finem,</strong></span> <span class='ocrx_word' id='word_1_66' title='bbox 1257 1268 1279 1320; x_wconf 84' lang='lat' dir='ltr'><strong>et</strong></span> 
     </span>
     <span class='ocr_line' id='line_1_10' title="bbox 200 1364 1280 1446; baseline -0.005 -19"><span class='ocrx_word' id='word_1_67' title='bbox 200 1369 285 1446; x_wconf 91' lang='lat' dir='ltr'><strong>illuc,</strong></span> <span class='ocrx_word' id='word_1_68' title='bbox 312 1366 390 1427; x_wconf 87' lang='lat' dir='ltr'><strong>unda</strong></span> <span class='ocrx_word' id='word_1_69' title='bbox 414 1366 559 1444; x_wconf 87' lang='lat' dir='ltr'><strong>abieram,</strong></span> <span class='ocrx_word' id='word_1_70' title='bbox 591 1366 696 1426; x_wconf 83' lang='lat' dir='ltr'><strong>redire.</strong></span> <span class='ocrx_word' id='word_1_71' title='bbox 737 1364 861 1444; x_wconf 85' lang='lat' dir='ltr'><strong>Lipsius¹</strong></span> <span class='ocrx_word' id='word_1_72' title='bbox 878 1366 1012 1444; x_wconf 80' lang='lat' dir='ltr'><strong>scripsit:</strong></span> <span class='ocrx_word' id='word_1_73' title='bbox 1033 1367 1219 1443; x_wconf 82' lang='lat' dir='ltr'><strong>Pnopertium</strong></span> <span class='ocrx_word' id='word_1_74' title='bbox 1238 1366 1280 1442; x_wconf 88' lang='lat' dir='ltr'><strong>qni</strong></span> 
     </span>
     <span class='ocr_line' id='line_1_11' title="bbox 200 1468 1281 1551; baseline -0.001 -20"><span class='ocrx_word' id='word_1_75' title='bbox 200 1489 258 1532; x_wconf 89' lang='lat' dir='ltr'><strong>non</strong></span> <span class='ocrx_word' id='word_1_76' title='bbox 288 1475 383 1551; x_wconf 88' lang='lat' dir='ltr'><strong>amat,</strong></span> <span class='ocrx_word' id='word_1_77' title='bbox 414 1488 480 1531; x_wconf 92' lang='lat' dir='ltr'><strong>eum</strong></span> <span class='ocrx_word' id='word_1_78' title='bbox 509 1470 637 1548; x_wconf 87' lang='lat' dir='ltr'><strong>profecto</strong></span> <span class='ocrx_word' id='word_1_79' title='bbox 667 1469 769 1530; x_wconf 84' lang='lat' dir='ltr'><strong>Musae</strong></span> <span class='ocrx_word' id='word_1_80' title='bbox 795 1488 854 1530; x_wconf 92' lang='lat' dir='ltr'><strong>non</strong></span> <span class='ocrx_word' id='word_1_81' title='bbox 880 1475 988 1530; x_wconf 87' lang='lat' dir='ltr'><strong>amant.</strong></span> <span class='ocrx_word' id='word_1_82' title='bbox 1020 1468 1152 1532; x_wconf 73' lang='lat' dir='ltr'><strong>Candide</strong></span> <span class='ocrx_word' id='word_1_83' title='bbox 1185 1471 1281 1531; x_wconf 83' lang='lat' dir='ltr'><strong>lector.</strong></span> 
     </span>
     <span class='ocr_line' id='line_1_12' title="bbox 201 1570 1306 1651; baseline -0.006 -19"><span class='ocrx_word' id='word_1_84' title='bbox 201 1589 288 1648; x_wconf 90' lang='lat' dir='ltr'><strong>quem</strong></span> <span class='ocrx_word' id='word_1_85' title='bbox 302 1573 404 1632; x_wconf 82' lang='lat' dir='ltr'><strong>Musae</strong></span> <span class='ocrx_word' id='word_1_86' title='bbox 419 1571 560 1651; x_wconf 79' lang='lat' dir='ltr'><strong>diligunt,</strong></span> <span class='ocrx_word' id='word_1_87' title='bbox 582 1572 608 1632; x_wconf 90' lang='lat' dir='ltr'><strong>si</strong></span> <span class='ocrx_word' id='word_1_88' title='bbox 628 1571 659 1630; x_wconf 94' lang='lat' dir='ltr'><strong>in</strong></span> <span class='ocrx_word' id='word_1_89' title='bbox 678 1570 734 1631; x_wconf 91' lang='lat' dir='ltr'><strong>hoc</strong></span> <span class='ocrx_word' id='word_1_90' title='bbox 753 1570 854 1631; x_wconf 91' lang='lat' dir='ltr'><strong>libello</strong></span> <span class='ocrx_word' id='word_1_91' title='bbox 874 1571 1059 1648; x_wconf 84' lang='lat' dir='ltr'><strong>Propertium</strong></span> <span class='ocrx_word' id='word_1_92' title='bbox 1076 1570 1174 1632; x_wconf 85' lang='lat' dir='ltr'><strong>denuo</strong></span> <span class='ocrx_word' id='word_1_93' title='bbox 1190 1573 1281 1646; x_wconf 86' lang='lat' dir='ltr'><strong>legens</strong></span> <span class='ocrx_word' id='word_1_94' title='bbox 1305 1593 1306 1606; x_wconf 27' lang='grc' dir='ltr'><strong>κ</strong></span> 
     </span>
     <span class='ocr_line' id='line_1_13' title="bbox 201 1672 1282 1751; baseline -0.003 -17"><span class='ocrx_word' id='word_1_95' title='bbox 201 1676 381 1750; x_wconf 82' lang='lat' dir='ltr'><strong>voluptatem</strong></span> <span class='ocrx_word' id='word_1_96' title='bbox 401 1675 530 1750; x_wconf 87' lang='lat' dir='ltr'><strong>aliquam</strong></span> <span class='ocrx_word' id='word_1_97' title='bbox 548 1692 655 1734; x_wconf 90' lang='lat' dir='ltr'><strong>novam</strong></span> <span class='ocrx_word' id='word_1_98' title='bbox 669 1672 831 1751; x_wconf 88' lang='lat' dir='ltr'><strong>percipies,</strong></span> <span class='ocrx_word' id='word_1_99' title='bbox 852 1673 925 1734; x_wconf 89' lang='lat' dir='ltr'><strong>satis</strong></span> <span class='ocrx_word' id='word_1_100' title='bbox 945 1673 1053 1733; x_wconf 87' lang='lat' dir='ltr'><strong>laboris</strong></span> <span class='ocrx_word' id='word_1_101' title='bbox 1074 1673 1133 1733; x_wconf 90' lang='lat' dir='ltr'><strong>mei</strong></span> <span class='ocrx_word' id='word_1_102' title='bbox 1148 1673 1282 1750; x_wconf 87' lang='lat' dir='ltr'><strong>praemio-</strong></span> 
     </span>
     <span class='ocr_line' id='line_1_14' title="bbox 201 1775 1282 1854; baseline -0.005 -18"><span class='ocrx_word' id='word_1_103' title='bbox 201 1795 265 1836; x_wconf 89' lang='lat' dir='ltr'><strong>rum</strong></span> <span class='ocrx_word' id='word_1_104' title='bbox 291 1777 394 1837; x_wconf 87' lang='lat' dir='ltr'><strong>tulisse</strong></span> <span class='ocrx_word' id='word_1_105' title='bbox 421 1776 609 1854; x_wconf 84' lang='lat' dir='ltr'><strong>crediderim3</strong></span> <span class='ocrx_word' id='word_1_106' title='bbox 638 1775 685 1836; x_wconf 91' lang='lat' dir='ltr'><strong>sin</strong></span> <span class='ocrx_word' id='word_1_107' title='bbox 711 1775 823 1854; x_wconf 89' lang='lat' dir='ltr'><strong>minus,</strong></span> <span class='ocrx_word' id='word_1_108' title='bbox 851 1775 996 1836; x_wconf 90' lang='lat' dir='ltr'><strong>communi</strong></span> <span class='ocrx_word' id='word_1_109' title='bbox 1016 1779 1121 1851; x_wconf 89' lang='lat' dir='ltr'><strong>poetae</strong></span> <span class='ocrx_word' id='word_1_110' title='bbox 1142 1792 1241 1835; x_wconf 83' lang='lat' dir='ltr'><strong>amore</strong></span> <span class='ocrx_word' id='word_1_111' title='bbox 1259 1775 1282 1831; x_wconf 89' lang='lat' dir='ltr'><strong>et</strong></span> 
     </span>
     <span class='ocr_line' id='line_1_15' title="bbox 202 1880 585 1956; baseline -0.005 -16"><span class='ocrx_word' id='word_1_112' title='bbox 202 1880 298 1956; x_wconf 84' lang='lat' dir='ltr'><strong>gratia</strong></span> <span class='ocrx_word' id='word_1_113' title='bbox 318 1881 438 1946; x_wconf 84' lang='lat' dir='ltr'><strong>comiter</strong></span> <span class='ocrx_word' id='word_1_114' title='bbox 458 1880 585 1956; x_wconf 84' lang='lat' dir='ltr'><strong>ignosce.</strong></span> 
     </span>
    </p>

    <p class='ocr_par' dir='ltr' id='par_1_4' title="bbox 202 1980 1282 2162">
     <span class='ocr_line' id='line_1_16' title="bbox 243 1980 1282 2057; baseline -0.004 -15"><span class='ocrx_word' id='word_1_115' title='bbox 243 1982 412 2044; x_wconf 82' lang='lat' dir='ltr'><strong>Scribebam</strong></span> <span class='ocrx_word' id='word_1_116' title='bbox 432 1983 531 2043; x_wconf 83' lang='lat' dir='ltr'><strong>italice</strong></span> <span class='ocrx_word' id='word_1_117' title='bbox 552 1987 677 2043; x_wconf 83' lang='lat' dir='ltr'><strong>exeunte</strong></span> <span class='ocrx_word' id='word_1_118' title='bbox 698 2002 744 2042; x_wconf 90' lang='lat' dir='ltr'><strong>an.</strong></span> <span class='ocrx_word' id='word_1_119' title='bbox 765 1980 1010 2042; x_wconf 78' lang='lat' dir='ltr'>MDOOGLXVII</span> <span class='ocrx_word' id='word_1_120' title='bbox 1031 1985 1061 2040; x_wconf 84' lang='lat' dir='ltr'><strong>et</strong></span> <span class='ocrx_word' id='word_1_121' title='bbox 1080 1981 1141 2057; x_wconf 83' lang='lat' dir='ltr'><strong>legi</strong></span> <span class='ocrx_word' id='word_1_122' title='bbox 1162 1981 1194 2041; x_wconf 92' lang='lat' dir='ltr'><strong>in</strong></span> <span class='ocrx_word' id='word_1_123' title='bbox 1213 1981 1282 2040; x_wconf 74' lang='lat' dir='ltr'><strong>&#39;lao-</strong></span> 
     </span>
     <span class='ocr_line' id='line_1_17' title="bbox 202 2081 1281 2162; baseline -0.006 -16"><span class='ocrx_word' id='word_1_124' title='bbox 202 2088 313 2149; x_wconf 86' lang='lat' dir='ltr'><strong>rinenai</strong></span> <span class='ocrx_word' id='word_1_125' title='bbox 348 2083 541 2147; x_wconf 82' lang='lat' dir='ltr'><strong>Scientiaru&#39;m</strong></span> <span class='ocrx_word' id='word_1_126' title='bbox 572 2085 734 2146; x_wconf 82' lang='lat' dir='ltr'><strong>Academia</strong></span> <span class='ocrx_word' id='word_1_127' title='bbox 765 2103 864 2146; x_wconf 88' lang='lat' dir='ltr'><strong>mense</strong></span> <span class='ocrx_word' id='word_1_128' title='bbox 896 2085 976 2162; x_wconf 90' lang='lat' dir='ltr'><strong>Majo</strong></span> <span class='ocrx_word' id='word_1_129' title='bbox 1013 2081 1281 2159; x_wconf 69' lang='lat' dir='ltr'><strong>Moocuhxvlm</strong></span> 
     </span>
    </p>
   </div>
   <div class='ocr_carea' id='block_1_3' title="bbox 203 2187 1165 2266">
    <p class='ocr_par' dir='ltr' id='par_1_5' title="bbox 203 2187 1308 2416">
     <span class='ocr_line' id='line_1_18' title="bbox 203 2187 1165 2266; baseline -0.005 -16"><span class='ocrx_word' id='word_1_130' title='bbox 203 2190 332 2251; x_wconf 85' lang='lat' dir='ltr'><strong>converti</strong></span> <span class='ocrx_word' id='word_1_131' title='bbox 352 2190 454 2266; x_wconf 82' lang='lat' dir='ltr'><strong>Hagae</strong></span> <span class='ocrx_word' id='word_1_132' title='bbox 475 2187 619 2250; x_wconf 78' lang='lat' dir='ltr'><strong>Comitum</strong></span> <span class='ocrx_word' id='word_1_133' title='bbox 638 2206 737 2248; x_wconf 89' lang='lat' dir='ltr'><strong>mense</strong></span> <span class='ocrx_word' id='word_1_134' title='bbox 759 2188 913 2248; x_wconf 88' lang='lat' dir='ltr'><strong>Decembri</strong></span> <span class='ocrx_word' id='word_1_135' title='bbox 935 2187 1065 2247; x_wconf 85' lang='lat' dir='ltr'><strong>ciusdem</strong></span> <span class='ocrx_word' id='word_1_136' title='bbox 1086 2187 1165 2246; x_wconf 88' lang='lat' dir='ltr'><strong>anni.</strong></span> 
     </span>
    </p>
   </div>
   <div class='ocr_carea' id='block_1_4' title="bbox 0 0 1340 4400">
    <p class='ocr_par' dir='ltr' id='par_1_6' title="bbox 0 0 1340 4400">
     <span class='ocr_line' id='line_1_19' title="bbox 0 0 1340 4400; baseline 0 0"><span class='ocrx_word' id='word_1_137' title='bbox 0 0 1340 4400; x_wconf 95' lang='lat' dir='ltr'><strong> </strong></span> 
     </span>
    </p>
   </div>
  </div>
 </body>
</html>
