2642 4396
549 335 606 395 141

148 505 190 567 nt
209 510 277 586 tus,
297 505 471 587 Maecenas,
490 505 570 568 vitae
590 511 750 586 praecepte
768 508 884 588 recepi,

188 609 283 689 Cogor
303 615 333 673 et
353 611 497 689 exemplis
516 629 564 674 me
583 612 737 676 moderere
756 614 826 676 tuis.

147 711 223 774 (ium
242 714 298 775 tibi
317 715 450 776 Romano
470 714 603 778 dominas
623 716 655 776 in
674 715 784 779 honore
805 731 924 778 secures

188 814 228 876 nt
247 816 336 878 liccat
356 815 453 878 medio
472 833 582 894 ponere
597 818 668 896 jure
687 816 765 899 ioro;

148 919 207 982 Vel
226 920 282 981 tibi
301 917 455 982 Medorum
474 938 624 999 pugnaces
644 921 688 982 ire
708 938 762 999 per
782 938 886 1001 arcus,

189 1023 289 1102 Atque
309 1043 430 1086 onerare
451 1029 532 1086 tuam
552 1025 612 1086 fixa
631 1044 685 1104 per
705 1041 789 1088 arma
808 1025 943 1104 donum,

149 1125 190 1188 Et
208 1127 264 1188 tibi
285 1126 324 1187 ad
343 1127 478 1187 effectum
498 1127 577 1188 vires
598 1127 649 1188 det
668 1125 791 1207 Caesar,
813 1131 844 1188 ct
865 1127 944 1188 omni

188 1230 335 1308 Tempore
356 1234 417 1291 tem
437 1230 540 1291 faciles
560 1231 744 1294 insinuentur
764 1249 852 1312 opes3

146 1334 250 1395 Parcis
271 1338 301 1394 et
320 1334 352 1394 in
372 1337 476 1396 tenues
496 1334 637 1395 humilem
657 1338 688 1397 te
708 1335 824 1413 colligis
844 1334 980 1414 umbrae,

188 1438 328 1498 Velorum
347 1439 451 1515 plenos
471 1438 620 1500 subtrahis
640 1439 706 1516 ipse
726 1440 818 1502 sinus.

147 1538 243 1601 Orode
263 1540 353 1620 mihi,
373 1559 496 1618 magnos
517 1542 685 1618 aequabunt
705 1541 764 1602 iste
784 1540 924 1602 Camillos

186 1642 324 1723 indicia,
345 1648 375 1704 et
395 1643 497 1705 venies
517 1648 550 1704 tn
569 1661 686 1720 qnoque
706 1643 739 1703 in
758 1661 809 1704 ora
828 1643 941 1723 virum,
1082 1643 1123 1702 30

148 1742 284 1806 Caesaris
305 1749 335 1806 et
355 1745 435 1806 fama
454 1745 582 1822 vestigia
597 1745 703 1823 juncte
722 1745 855 1807 tenebis:

188 1847 369 1909 Maecenatis
390 1852 476 1908 erunt
494 1865 567 1908 vere
586 1851 706 1924 tropaea
725 1847 809 1908 fides.

147 1951 215 2012 Non
236 1969 291 2028 ego
310 1950 433 2011 velifera
452 1949 597 2012 tumidum
616 1968 698 2011 mare
718 1949 797 2011 findo
816 1950 936 2011 carina:

188 2055 269 2116 'Puta
288 2055 343 2116 sub
363 2055 471 2132 exigno
490 2054 610 2114 flumine
629 2058 730 2115 nostra
751 2073 833 2117 mora
853 2057 909 2116 est.

147 2158 215 2220 Non
234 2158 311 2219 flebo
331 2157 362 2218 in
381 2157 494 2219 cineres
515 2175 612 2218 arcem
632 2157 738 2219 sidisse
758 2162 896 2235 paternos
1079 2157 1119 2217 35

187 2259 311 2341 Cadmi,
330 2279 386 2322 nec
406 2265 519 2338 septem
537 2261 650 2339 praelia
670 2259 755 2322 clade
775 2260 857 2339 pari,

146 2366 211 2428 Nec
229 2365 355 2428 referam
375 2365 483 2427 Scaeas
504 2369 535 2426 et
553 2366 700 2442 Pergama
718 2362 865 2442 Apollinis
885 2381 987 2444 arces,

186 2470 227 2531 nt
246 2470 383 2530 Danaum
403 2469 516 2530 decimo
536 2486 606 2530 vere
626 2468 739 2530 redisse
760 2471 857 2548 rates,

146 2573 265 2636 Moenia
283 2591 350 2635 cum
371 2572 461 2652 Graj0
480 2573 632 2651 Neptunia
652 2572 761 2650 pressit
782 2576 882 2634 aratro

186 2678 289 2740 Victor
308 2678 460 2739 Palladiae
480 2678 596 2755 ligneus
616 2677 688 2738 artis
709 2694 812 2754 equus.
1080 2678 1122 2738 40

146 2781 228 2844 Inter
247 2780 422 2844 Callimachi
442 2786 490 2843 sat
509 2782 565 2842 erit
584 2781 732 2858 placuisse
754 2781 891 2860 libellos,

187 2885 227 2946 nt
247 2885 389 2948 cecinisse
408 2884 516 2964 modis,
537 2883 732 2962 Eurypylite‚
753 2883 823 2944 tuis.

60 3013 62 3018 ·
145 2989 229 3050 Haec
247 3006 352 3066 pueros
373 2993 475 3068 mant,
495 2987 571 3050 haec
590 2992 678 3049 urant
698 2987 809 3065 scripta
829 2987 965 3067 puellas,

186 3092 294 3171 Meque
314 3094 401 3155 deum
421 3093 564 3170 clament,
586 3095 616 3153 et
636 3091 710 3152 mihi
730 3108 815 3151 sacru
834 3088 943 3151 ferant.

145 3195 209 3257 Hoc
229 3193 319 3276 mihi,
338 3195 495 3257 Maecenas
501 3239 509 3275 ‚
531 3195 629 3256 laudis
649 3193 800 3273 concedis,
821 3198 852 3255 et
871 3211 891 3254 e
910 3197 941 3256 te
962 3197 1025 3274 est,
1079 3196 1120 3257 45

186 3297 272 3374 Quod
291 3299 369 3362 ferar
388 3299 421 3360 in
440 3302 540 3377 partes
560 3299 624 3377 ipse
644 3297 737 3360 fuisse
759 3301 837 3360 tuas.

79 3479 101 3534 8.
134 3485 208 3537 codd.
218 3487 345 3553 samanae
357 3504 388 3538 cx
400 3502 475 3552 aequo
488 3486 586 3536 ducitur
598 3487 651 3535 ulla
658 3486 730 3550 jupo.
747 3485 912 3535 Lachmannns
927 3499 1027 3550 υμνοι
1034 3482 1123 3548 jupam

39 3562 112 3630 &cipit
127 3582 170 3633 pro
187 3572 266 3619 monte
278 3569 352 3620 leciiis
366 3584 485 3628 mensus,
502 3571 526 3618 et
541 3567 650 3634 exponit:
668 3568 732 3616 famu
746 3567 876 3633 acquiritur
890 3565 920 3615 ab
933 3581 960 3616 eo
974 3566 1067 3616 tanturn
1084 3563 1126 3628 qui
1205 3619 1206 3622 Ἴ

40 3645 86 3695 “fis
100 3664 155 3700 suec
169 3651 289 3717 fastigium
305 3651 392 3717 attigit.
410 3650 489 3715 Mujur
505 3654 584 3701 tamen
599 3665 680 3701 uersus
697 3649 767 3700 aliem
783 3648 924 3699 sententium
937 3647 1047 3714 requirit,
1055 3646 1120 3696 ideo·

41 3738 77 3787 qut
91 3729 183 3798 Lipsius
200 3749 213 3783 e
229 3732 315 3784 Codice
330 3748 372 3784 suo
388 3733 491 3784 correxit
507 3749 557 3784 una
573 3748 617 3799 pro
634 3734 695 3784 ulla.
727 3732 776 3782 Hic
792 3747 882 3798 aequas
898 3730 1014 3798 significet
1030 3744 1122 3797 parem,
