2640 4400
196 353 293 398 xxm

193 529 285 588 usque
313 509 459 588 quaesivit
486 508 609 570 sollicite
635 513 732 570 utrum
760 509 921 571 sententiae
948 511 1060 588 liquide
1088 511 1214 574 fluerent
1244 532 1274 572 an

193 616 304 695 minua,
336 613 489 675 dummodo
519 612 664 674 hostiliter
694 613 770 673 inter
795 630 827 673 se
852 613 992 675 dimicare
1017 633 1075 676 non
1101 617 1275 677 viderentur.

192 719 259 780 Non
279 717 447 794 infrequens
461 715 621 776 carminum
637 714 855 776 incohaerentia
871 700 967 776 ¹caecis
984 735 1115 797 quoque,
1135 723 1169 779 ut
1187 719 1277 795 aiunt,

192 821 273 881 clara
297 824 356 900 est3
381 820 577 880 caecutientes
601 823 698 878 autem
724 824 857 879 veterum
877 820 1043 894 laudatores
1064 827 1095 882 et
1113 822 1190 884 haec
1211 822 1277 882 vitia

191 922 342 984 fastidiose
368 922 508 1000 laudant,
533 921 676 981 fervidam
704 926 735 981 et
761 921 980 982 mobiHssimam
1008 928 1112 1000 poetae
1140 925 1276 1002 imagina-

192 1025 300 1085 tionem
330 1025 526 1101 praedicando
552 1024 601 1084 hic
628 1024 698 1084 illuc
725 1025 880 1101 impulsam
908 1045 943 1086 ac
963 1028 1152 1088 tumultuarie
1173 1027 1278 1088 discur-

192 1132 317 1206 rentem,
343 1128 467 1204 illosque
492 1127 580 1202 plane
605 1126 725 1186 miseret
748 1127 880 1187 tenuium
906 1129 1103 1208 ingeniorum,
1125 1147 1204 1206 quae
1225 1134 1276 1189 tur·

191 1229 277 1290 bidas
297 1235 327 1290 et
347 1231 484 1290 molestas
504 1229 668 1289 istiusmodi
687 1230 890 1306 divagationes
906 1251 965 1292 non
982 1232 1179 1314 admirantur,
1199 1233 1278 1310 quasi

190 1334 342 1394 liberiores
369 1333 455 1408 lyrici
479 1333 574 1410 modi,
599 1333 721 1409 rapidae
740 1335 928 1396 transitiones
949 1341 979 1396 et
999 1341 1164 1398 commenta
1190 1337 1279 1414 prima

192 1437 290 1514 specie
310 1436 506 1514 divergentia,
528 1437 658 1496 interiori
679 1440 708 1496 ct
728 1455 804 1512 quac
821 1437 954 1514 dignosci
971 1440 1063 1515 possit
1079 1440 1279 1518 conjunctione

191 1559 249 1602 non
270 1540 329 1600 sint
348 1538 509 1616 moderata,
532 1539 557 1599 si
577 1543 712 1598 accurate
732 1540 906 1615 perpendas.

231 1641 376 1718 Josephus
396 1632 528 1717 Scaliger
547 1642 663 1710 saeculo
683 1641 770 1720 XVI,
786 1660 850 1717 ‘qua
870 1647 934 1702 erat
951 1644 1126 1723 sagacitate,
1141 1643 1280 1722 Cynthiae

191 1744 438 1823 perturbationem
461 1743 590 1821 uiderat,
615 1748 703 1820 atque
723 1744 755 1803 in
776 1763 842 1804 eam
862 1745 1008 1806 audacter·
1021 1747 1151 1808 medicas
1177 1763 1277 1808 manus

192 1848 330 1908 admovit.
371 1846 576 1922 Scaligeranus
606 1851 756 1908 contextus
792 1849 981 1925 amplissimis
1014 1850 1173 1912 honoribus
1206 1848 1279 1928 apud

192 1969 314 2012 coaevos
338 1935 490 2010 decoratus
515 1967 568 2027 per
594 1950 652 2009 duo
671 1949 761 2010 ferme
783 1953 900 2011 saecula
920 1952 1059 2032 invaluit3
1080 1961 1278 2016 verumtamen

192 2055 229 2115 de
246 2055 296 2114 via
313 2071 441 2114 summus
458 2053 504 2112 vir
519 2052 708 2131 discesserat,
727 2058 757 2113 et
776 2054 807 2113 in
819 2053 874 2114 hoc
885 2056 1058 2130 praesertim
1069 2059 1195 2137 erravit,
1208 2051 1280 2132 quod

192 2158 380 2218 existimabat
404 2157 496 2217 multa
516 2174 580 2216 esse
601 2156 633 2216 in
652 2156 804 2234 Propertio
824 2158 1045 2238 conjungenda,
1072 2179 1161 2236 quum
1183 2163 1279 2221 contra

193 2257 356 2334 separanda
375 2261 473 2318 essent
492 2258 585 2334 plura.
624 2257 701 2318 Hine
725 2259 909 2334 longissimas
935 2261 1004 2319 libri
1031 2261 1150 2322 secundi
1173 2261 1280 2336 elegias

193 2361 343 2438 iustruxit,
365 2366 465 2421 contra
479 2362 580 2422 Nostri
596 2379 718 2440 morem,
731 2362 782 2438 qui
797 2363 874 2422 intra
888 2364 1009 2440 triginta
1026 2369 1056 2425 et
1070 2365 1280 2442 quinquaginta

192 2481 293 2524 versus
320 2481 352 2524 se
379 2463 520 2542 continet,
540 2481 636 2540 neque
661 2464 737 2525 hanc
759 2483 923 2526 mensuram
944 2469 1084 2546 excessit,
1106 2469 1165 2529 nisi
1186 2473 1234 2529 ter
1253 2466 1279 2524 in

193 2567 303 2628 'lertio
334 2567 457 2626 Labitur
477 2585 592 2644 quoque
613 2567 833 2644 Hypercriticus
854 2569 1024 2631 existimans
1055 2571 1154 2647 elegos
1183 2585 1280 2632 omnes

192 2669 230 2729 ad
250 2688 303 2731 nos
323 2671 491 2748 pervenisse
509 2671 651 2758 integros,
673 2672 772 2750 itaque
790 2674 901 2734 crunctis
919 2675 1051 2734 erraticis
1068 2675 1205 2736 versibus
1223 2673 1279 2732 ido-

192 2790 277 2832 neam
298 2772 397 2833 sedem
418 2789 483 2834 esse
505 2772 702 2848 quaerendam
723 2778 753 2834 et
772 2775 987 2851 assignandam.
1019 2775 1116 2850 Quare
1137 2775 1280 2838 Antonius

192 2874 317 2952 Vulpius
353 2875 495 2952 superiori
530 2876 646 2936 saeculo
683 2874 751 2934 Sex.
782 2875 903 2938 Aurelio
934 2877 1039 2938 bonam
1068 2896 1187 2955 operam
1217 2875 1281 2938 tulit

195 2977 349 3054 Cprrtdioru
370 2977 408 3037 ad
428 2977 582 3054 pristinam
603 2977 741 3040 Codicum
761 2977 1008 3041 fidemrevocans.
1030 2981 1088 3041 Sed
1099 2983 1166 3058 plus
1178 2980 1280 3042 Oarolo

192 3078 380 3142 Lachmauno
404 3085 555 3157 acceptum
576 3086 621 3142 est
640 3081 839 3160 referendum,
865 3083 915 3158 qui
936 3102 994 3143 non
1015 3085 1107 3144 solnm
1127 3087 1279 3146 verborum

192 3183 422 3244 emendationem
443 3188 612 3262 persecutus
633 3188 691 3263 est,
710 3185 762 3245 sed
779 3185 900 3246 lacunas
911 3189 997 3262 atque
1009 3186 1198 3248 distichorum
1217 3203 1279 3246 con·

177 3285 333 3346 'fusionem
354 3290 438 3347 acute
459 3303 668 3363 saepenumero
688 3287 809 3346 notavit

230 3388 428 3450 Nihilominus
445 3406 534 3465 quum
552 3387 696 3467 Scaliger,
716 3389 786 3449 licet
802 3404 827 3448 a·
837 3394 916 3450 recto
932 3391 1049 3452 tramite
1060 3392 1233 3471 deflectens,
1246 3387 1280 3449 ad

190 3490 400 3552 restituendam
423 3489 578 3569 Cprrllrium
598 3492 654 3552 iter
674 3492 864 3572 ostendisset,
886 3494 1022 3570 equidem
1044 3495 1169 3554 demiror
1190 3490 1278 3555 nemi·

190 3615 257 3659 nem
278 3602 343 3674 post
363 3597 446 3658 illum
466 3596 574 3656 adhoc
591 3600 706 3674 tempus
724 3598 851 3659 stadium
869 3598 964 3658 denuo
978 3598 1141 3660 cucurrisse
1152 3597 1279 3657 feliciore

191 3700 306 3779 ominc;
339 3700 410 3778 quin
440 3700 522 3777 piget
553 3703 649 3760 aetate
682 3705 782 3762 nostra
814 3702 955 3762 barbaras
981 3703 1164 3764 membranas
1202 3695 1279 3760 inani

1101 3295 1104 3302 Ι

1224 4331 1229 4342 ι
