2640 4400
640 330 755 414 '12

415 551 432 656 J
538 577 931 648 uuuoravn.

591 730 644 778 ΔΙ)
665 729 877 778 ΟΥΝΊἮΙΔΜ.

468 852 551 916 (codd.
567 852 697 902 Burmann.
714 855 738 903 at
754 853 898 903 Lachmann.
914 851 945 912 8,
963 854 994 915 Ι.)

220 987 333 1038 Ordinem
349 988 403 1039 dist.
422 989 451 1047 l,
469 988 485 1038 8
502 990 526 1038 et
542 989 571 1048 9,
589 988 669 1054 quiin
687 987 759 1037 eodo.
776 987 885 1037 turbatus
898 990 946 1047 est,
963 985 1056 1037 restitui
1068 984 1235 1036 hacsentaniia:

253 1071 351 1120 Utinam
373 1071 482 1121 hiemales
498 1069 595 1120 brumae
611 1087 694 1120 navem
710 1072 775 1119 tuam
792 1070 881 1120 solvere
896 1071 975 1120 funem
991 1067 1143 1136 prohibeant!
1176 1065 1238 1132 Quod

252 1152 272 1202 si
296 1156 374 1203 tamm
399 1154 526 1204 discessura
550 1153 607 1213 aris,
633 1168 778 1218 quocumque
801 1152 871 1202 modo
895 1153 923 1201 de
948 1167 986 1202 me
1009 1151 1120 1210 mereris,
1144 1165 1187 1199 non
1209 1147 1238 1197 sit

252 1233 349 1284 Galatea
370 1235 444 1286 aliena
467 1239 520 1286 tuae
535 1235 601 1292 viaa3
619 1237 688 1300 atque
711 1250 753 1299 ego
775 1237 826 1284 tum
853 1233 956 1293 videam,
982 1249 1035 1282 oum
1060 1232 1126 1282 navis
1149 1231 1188 1281 illa
1201 1233 1238 1280 tua

252 1315 326 1366 altum
347 1321 425 1383 petat,
448 1317 481 1367 sio
503 1317 626 1367 consistere
647 1319 728 1366 ventos
751 1320 778 1366 ut
798 1316 920 1366 incolumis
947 1317 1045 1366 Oricum
1067 1315 1192 1382 pervenias.
1206 1339 1238 1350 -

252 1397 293 1448 Ita
309 1399 386 1448 omnia
402 1400 524 1450 cohaerent
539 1399 564 1448 in
580 1401 625 1450 hac
642 1399 725 1466 elegia,
743 1416 801 1466 qnae
817 1400 914 1450 mirifice
930 1399 1000 1450 torsit
1015 1399 1162 1465 interpretes.

305 1555 391 1616 'I'uue
411 1555 502 1633 igitur
521 1555 665 1616 demens?
686 1572 741 1616 neo
760 1559 790 1616 to
810 1571 877 1616 mea
896 1573 967 1616 eura
986 1552 1140 1616 moratur?

345 1656 394 1718 An
412 1659 467 1718 tibi
487 1678 552 1720 sum
572 1660 672 1736 gelida
690 1659 778 1720 vilior
798 1658 917 1736 illyria,

305 1762 345 1824 at
365 1763 420 1822 tibi
435 1764 499 1841 jam
519 1765 609 1843 tanti,
630 1763 806 1840 quicumque
827 1764 887 1840 est,
907 1761 964 1821 iste
984 1759 1118 1839 videtur,

345 1863 387 1925 Ut
405 1865 469 1926 sine
489 1881 536 1925 mo
556 1869 644 1925 vento
663 1864 795 1940 quolibet
814 1863 857 1924 ire
877 1861 975 1923 velis?

306 1966 391 2027 Tune
412 1967 514 2051 audire
533 1971 617 2044 potes
636 1966 739 2028 vesani
759 1983 909 2027 murmura
928 1965 1023 2045 ponti,

345 2070 443 2130 Fortis
464 2069 544 2130 etin
565 2070 639 2130 dura
657 2086 733 2129 nave
750 2069 851 2147 jacere
871 2067 977 2145 potes?

306 2175 354 2236 ru
373 2174 498 2252 pedibus
518 2173 627 2235 teneris
647 2172 760 2250 positas
780 2171 886 2231 fulcire
907 2169 1052 2248 pruinas?

344 2276 392 2338 ru
412 2281 496 2354 potes
516 2276 664 2354 insolitas,
685 2273 830 2353 Cynthia,
851 2273 927 2333 ferre
947 2271 1059 2333 nives?

305 2377 330 2440 O
350 2379 463 2439 utinam
481 2378 623 2438 hibernae
644 2377 829 2456 duplicentur
848 2381 981 2453 tempora
999 2375 1137 2455 brumae,

344 2483 384 2543 nt
404 2483 443 2544 sit
462 2483 540 2543 iners
561 2481 653 2543 tardis
673 2481 775 2541 navita
794 2481 950 2557 vergiliis!
1234 2479 1268 2536 10

229 2617 233 2626 ·
293 2586 368 2662 ¹Nec
388 2585 442 2646 tibi
464 2585 620 2661 Tyrrhena
640 2586 771 2645 solvatur
789 2583 868 2644 funis
888 2584 926 2644 ab
946 2601 1012 2663 ora,

344 2689 428 2748 Neve
449 2687 568 2746 inimica
587 2704 668 2747 meas
690 2687 787 2747 elevet
806 2704 880 2746 aura
899 2702 1016 2765 preces,

304 2792 344 2852 Et
363 2809 410 2851 me
431 2790 560 2852 defixum
579 2809 673 2851 vacua
692 2791 823 2868 patiatur
842 2806 932 2849 arena

345 2894 500 2956 Crudelem
520 2893 628 2956 infesta
647 2912 736 2972 saepe
755 2910 861 2954 vocare
881 2893 986 2953 manu!

305 2998 364 3060 Sed
383 3016 566 3075 quocumque
585 2999 670 3058 modo
690 2996 727 3058 de
747 3015 810 3075 me,
830 2996 968 3075 perjura,
988 2993 1125 3075 mereris,
1234 2992 1265 3053 15

344 3102 389 3164 sit
409 3102 535 3164 Galatea
554 3107 622 3163 inae
643 3120 701 3162 non
721 3102 819 3162 aliena
838 3101 922 3160 viae!

205 3261 221 3311 „s
289 3201 308 3318 q
302 3205 400 3283 Atque
421 3224 475 3282 ego
496 3209 558 3266 tum
578 3204 696 3264 videam
716 3205 792 3264 tales
813 3202 966 3264 subsidere
986 3204 1105 3280 ventos,

131 3279 215 3362 ’μ’
293 3319 308 3372 i
343 3309 416 3371 Cum
436 3311 491 3371 tibi
511 3314 665 3387 provectas
686 3309 799 3370 auferet
819 3307 899 3368 unda
918 3311 1012 3386 rates,

302 3414 342 3475 Ut
362 3418 406 3492 te,
426 3413 506 3474 felici
526 3431 579 3490 per
599 3431 690 3474 saeva
709 3391 854 3474 Ceraunia
874 3429 971 3490 remo,

341 3515 477 3594 Accipiat
496 3516 621 3594 placidis
642 3515 742 3578 Oricos
763 3514 946 3592 aequoribus.
1233 3515 1264 3576 20

302 3621 380 3681 Nam
401 3639 447 3682 me
467 3639 526 3682 non
546 3621 624 3681 ullae
645 3624 782 3697 poterunt
802 3635 985 3695 eorrumpere
1006 3615 1125 3698 tacdae,

344 3724 422 3801 Quin
442 3744 512 3807 ego,
532 3726 609 3805 vita,
631 3729 680 3788 tuo
701 3724 802 3786 limine
822 3723 915 3784 verba
935 3737 1058 3810 querar,
