2640 4400
697 326 735 382 22

170 496 230 561 ipsa
255 496 319 546 Feta
341 497 450 562 suspecta
470 496 566 547 fuerunt
588 494 729 547 Marklando
750 499 776 546 et
798 495 962 555 Lachmanno;
979 498 1019 548 ille
1035 500 1174 563 coniecerat:
1189 502 1244 566 lpse,

169 577 373 644 repellerdfaeta
386 578 457 628 beata
470 577 527 636 teth
540 577 579 628 sed
591 578 693 644 quinque
702 595 717 628 a
725 578 879 644 ingratioram
887 595 970 629 sonum
978 579 1086 630 reddunt.
1103 581 1246 631 Lsohmnnnu

170 663 248 711 antem
264 664 334 727 putat
341 662 402 726 fata
416 677 444 710 ex
457 660 546 725 majore
558 661 674 710 versiculo
688 661 714 711 in
728 663 844 712 minorem
857 660 1006 711 librariorum
1019 662 1162 727 negligentia
1173 664 1247 713 inventa

170 757 232 801 esse,
250 745 274 792 et
290 741 385 792 scribit:
403 743 474 808 Ipiea,
490 745 626 808 sepulturae
638 748 703 794 rorte
717 745 787 794 deute
802 749 865 794 luae.
883 744 915 794 dt
929 742 989 792 nihil
1003 743 1144 794 mutandum
1156 745 1247 795 arbiter.

170 827 256 876 Sensus
278 825 337 874 mihi
358 825 452 876 videtur
473 841 535 876 esse:
560 826 623 892 quod
644 827 665 875 ei
686 826 735 876 fata
757 830 780 876 te
803 825 869 875 obire
891 825 1021 883 voluerint,
1038 825 1080 874 illa
1096 825 1163 876 beate
1177 827 1247 875 latete

169 910 265 957 manent
280 910 335 973 post
350 910 463 966 mortem,
479 907 503 956 id
520 910 556 958 est
571 909 621 958 fata
638 894 710 967 inus,
728 908 886 958 Andromedes
903 910 927 957 et
942 906 1066 957 Cadistus:
1084 907 1245 957 Deafaeteen's.

172 990 225 1039 Hoe
238 989 299 1039 idem
313 989 362 1038 sere
375 989 436 1039 dixit
448 988 477 1038 el.
493 990 554 1039 XIV
563 989 617 1039 Lib.
626 989 677 1039 See.
706 989 875 1054 Quedee'sorte
883 995 936 1040 tuor
944 990 1041 1039 vidisset
1053 991 1159 1041 Glaucea
1166 991 1244 1047 oens,

170 1073 242 1123 Esses
257 1072 324 1122 Ionii
332 1073 407 1138 saeta
417 1074 504 1138 puella
519 1072 606 1131 marre,
624 1074 658 1122 Et
675 1073 720 1122 liei
737 1072 766 1122 ed
782 1073 899 1122 iuvidiam
916 1072 1029 1122 Nereides
1045 1072 1215 1137 increpitarent.

204 1161 244 1212 27.
278 1162 352 1213 codd.
368 1178 414 1228 quo
429 1162 463 1212 eit
472 1161 600 1228 feroram
617 1161 668 1210 edd.
685 1161 750 1226 vulg.
768 1177 813 1227 quo
829 1161 871 1211 rie.

507 1312 920 1411 aesernini.

591 1495 644 1543 nn
669 1494 843 1544 nunnnn.

382 1615 482 1680 .(00ee.
500 1615 547 1676 ee,
565 1616 649 1666 aum.
667 1615 713 1676 21,
733 1616 761 1665 11
768 1635 775 1674 ς
792 1615 889 1666 nuum.
907 1617 951 1677 er,
970 1617 1031 1680 111.)

199 1752 305 1820 Cynthia
320 1747 403 1800 morbo
416 1747 561 1806 absumitur3
575 1748 609 1797 nil
623 1748 702 1798 valant
716 1751 778 1798 artes
792 1749 908 1813 megieee;
922 1765 986 1800 mors
1000 1751 1115 1803 imminet.
1132 1754 1221 1802 Amata

233 1834 358 1900 desperans
383 1831 412 1881 de
433 1831 481 1880 ains
504 1830 578 1880 salute
600 1830 685 1880 Jovem
707 1830 793 1880 iterum
814 1847 856 1897 per
879 1832 1035 1898 apostrophen
1058 1833 1221 1900 alloquituret
1290 1867 1291 1886 t

233 1920 355 1984 precatur:
372 1931 420 1964 non
436 1913 518 1973 umus,
536 1914 636 1964 duorum
654 1913 804 1964 misereatur:
822 1929 878 1963 nam
894 1930 947 1964 eum
961 1915 1004 1964 illa
1017 1913 1062 1965 sibi
1076 1916 1220 1966 moriendum.

285 2049 433 2112 Defioiuut
452 2048 567 2126 magiae
586 2048 656 2109 torti
676 2048 732 2109 sub
751 2049 882 2111 earmina
902 2050 1034 2132 rhombi,

324 2154 366 2215 llt
384 2156 464 2214 taoet
483 2151 613 2214 extinoto
633 2151 734 2212 laurus
754 2150 861 2212 aduste
880 2151 960 2233 ioeo;

284 2259 325 2321 llt
339 2259 404 2338 jum
424 2257 511 2321 Luna
529 2260 620 2333 neget
640 2256 728 2317 toties
748 2253 928 2317 descendere
947 2259 1047 2338 eaelo,

323 2363 477 2440 Nigraque
496 2361 645 2423 funestum
665 2361 793 2423 oonoinit
813 2378 899 2422 omen
919 2361 994 2422 evis.

285 2467 349 2529 Hoe
369 2466 424 2527 tibi
443 2466 493 2526 vel
512 2464 609 2543 potuit
629 2464 737 2544 eonjux
757 2465 908 2541 ignoeoere
927 2465 1030 2527 duno?

328 2569 488 2648 Frangitur
507 2573 538 2631 et
556 2569 633 2656 June
653 2569 680 2629 si
700 2586 760 2646 qua
779 2569 880 2646 puella
898 2570 983 2646 perit.

290 2674 358 2736 Una
376 2671 450 2734 ratis
469 2669 524 2732 lati
542 2674 657 2733 nostroe
677 2671 807 2750 portabit
826 2689 939 2733 amores

329 2775 456 2837 Caerula
475 2773 514 2835 ad
533 2772 661 2836 infernos
681 2773 829 2835 velificata
847 2775 939 2834 laone.

290 2881 322 2941 Si
341 2897 400 2941 non
419 2877 522 2957 unius,
541 2892 651 2954 quaeso
671 2877 810 2938 miserere
831 2876 967 2938 duorum:

329 2982 452 3060 Vivam,
472 2980 500 3042 ei
518 2979 617 3040 vivat:
637 2979 664 3040 ai
684 2978 771 3040 cadet
790 2980 858 3058 ille,
879 2979 992 3040 oudam.

287 3085 365 3147 Ante
384 3088 511 3160 tuosque
531 3082 624 3161 pedes
644 3083 698 3144 illa
718 3084 785 3163 ipsa
804 3082 945 3162 adoperta
964 3083 1095 3162 sedebit,

325 3186 525 3264 Narrabitque
545 3184 652 3248 sedens
672 3187 761 3263 longa
780 3186 893 3264 pericla
911 3204 974 3248 sua.

286 3293 344 3354 Prn
363 3290 471 3369 quibus
490 3290 600 3368 optetis
620 3309 703 3352 sauro
723 3308 770 3352 me
790 3291 921 3353 earmina
941 3290 1063 3352 murno:

327 3391 460 3454 Scribam
480 3410 551 3471 ego:
575 3393 657 3469 „Per
676 3413 815 3473 magnum
835 3396 920 3456 salva
939 3394 1039 3473 puella
1057 3392 1188 3455 Jovem.”

205 3542 228 3592 1.
262 3539 384 3592 Rhombus
412 3557 481 3610 saepe
506 3543 531 3592 in
555 3542 758 3602 incantationibus,
776 3544 933 3610 usurpabatur
941 3565 948 3602 ;
978 3542 1073 3610 pessimi
1098 3557 1152 3593 veru
1175 3533 1241 3588 ouidi⁸

171 3628 234 3685 eret,
251 3624 271 3673 si
287 3623 369 3675 laurae
384 3624 410 3674 in
426 3640 479 3675 arae
494 3625 613 3676 flammam
630 3627 735 3690 conjecta
751 3627 867 3692 crepitum
881 3642 927 3676 non
942 3626 1027 3676 ederet.
1044 3626 1144 3676 Initium
1151 3615 1241 3674 oarmlflb

171 3722 293 3777 praeoeps,
311 3709 335 3758 at
350 3706 437 3758 mediae
453 3708 478 3758 iu
494 3723 531 3758 res
548 3707 662 3774 legentem
679 3711 833 3770 transferens,
851 3723 945 3774 gravem
962 3709 1033 3758 animi
1050 3707 1238 3774 perturbationem,
