2624 4398
588 319 646 378 103

188 487 259 566 Ipse
278 505 334 566 ego
353 491 498 571 venabor,
514 492 579 570 jam
598 509 676 554 nunc
696 511 744 555 me
764 511 850 555 sacra
868 493 984 556 Dianae

228 587 400 671 Suscipere,
422 597 452 655 et
472 593 581 656 Veneri
601 612 710 673 ponere
730 600 800 658 vota
815 596 911 674 juvat.

189 691 333 770 Incipiam
354 697 472 772 captare
492 694 585 776 ieras,
606 700 637 757 et
656 697 794 758 claudere
814 697 912 779 pinnis

229 793 345 856 (iornua
365 800 396 858 et
415 797 543 861 audaces
563 799 627 880 ipse
647 819 766 862 monere
786 819 884 862 canes.

188 899 257 960 Non
275 903 391 980 tamem
411 906 445 963 ut
464 907 565 965 vastos
585 905 681 965 ausim
700 908 816 966 tentare
836 905 952 983 leones,

228 1001 290 1064 Aut
309 1004 387 1064 celer
407 1009 538 1083 agrestes
557 1007 688 1069 cominus
709 1008 752 1069 ire
774 1025 851 1070 sues.

188 1104 272 1167 Haec
292 1105 383 1182 igitur
401 1105 476 1168 mibi
496 1108 536 1170 sit
555 1110 670 1187 lepores
691 1109 816 1171 audacia
836 1111 939 1171 molles

229 1207 390 1289 Excipere,
411 1213 442 1270 et
462 1210 564 1273 stricto
584 1210 674 1288 ligere
695 1229 781 1272 avem
802 1212 932 1292 calamo,

188 1308 256 1386 Qua
275 1310 401 1373 formosa
422 1329 476 1374 suo
495 1310 660 1374 obtunsus
680 1313 802 1375 flumina
821 1315 887 1377 luco

229 1414 354 1494 integit,
376 1418 406 1476 et
425 1415 528 1477 niveos
548 1415 644 1477 abluit
663 1414 744 1476 unda
762 1417 864 1478 boves.

190 1517 254 1597 Tu,
275 1517 391 1592 quoties
411 1517 525 1594 aliquid
545 1518 704 1600 conabere,
725 1521 804 1600 vita,
825 1523 971 1582 memento

229 1618 392 1680 Venturum
412 1620 515 1700 paucis
535 1638 583 1682 me
603 1621 658 1682 tibi
679 1622 819 1684 luciferis.

190 1717 241 1781 Sic
259 1738 308 1781 me
328 1737 382 1783 nec
401 1722 482 1784 solae
502 1726 639 1802 poterunt
659 1728 792 1786 avertere
812 1725 922 1805 silvae,

228 1823 293 1884 Nec
312 1841 390 1902 vaga
409 1825 550 1887 muscosis
570 1825 692 1887 flumina
711 1825 777 1888 fusa
792 1826 890 1906 jugis,
1122 1825 1164 1884 30
1183 1865 1185 1869 ·

189 1924 269 2001 Quin
289 1945 345 2004 ago
365 1927 396 1989 in
416 1927 537 1992 assidua
556 1933 685 1991 metuam
704 1933 756 1990 tua
776 1929 895 1990 nomina
913 1929 1032 2007 lingua:

231 2027 379 2104 „Absenti
398 2048 542 2093 nemone
562 2031 697 2094 nocuisse
717 2031 823 2093 velit.”

110 2132 141 2182 2.
175 2132 249 2182 Grau.
266 2136 290 2183 et
306 2133 381 2199 Naap.
399 2133 473 2192 code,-
490 2133 530 2184 sed
546 2134 704 2185 Mentelianus
721 2137 791 2186 colea.

91 2222 147 2282 19,
165 2222 206 2272 20.
241 2222 313 2272 Oodd.
322 2223 431 2274 Reddere
434 2223 495 2289 pinu
506 2225 609 2277 Cornua.
628 2223 845 2275 Pimudstivooasu
870 2223 999 2274 Venatores
1008 2237 1130 2272 cersonam
1139 2226 1163 2274 et

54 2302 167 2354 aliarum
184 2305 285 2354 formum
308 2321 394 2356 cornua
414 2304 585 2372 suspendebant
607 2305 718 2356 arborum
739 2305 823 2364 ramis,
846 2305 984 2370 praesertim
1000 2304 1029 2353 ad
1049 2304 1162 2354 honorem

54 2385 163 2438 Dianae.
181 2385 323 2438 Obseruauit
337 2387 486 2438 Burmannus
500 2391 556 2438 vota
569 2390 593 2438 at
607 2403 675 2438 encra
686 2387 775 2437 Dianae
789 2390 897 2452 suscepta
910 2387 960 2450 jam
977 2389 1162 2438 memorataesse

57 2467 84 2517 in
102 2485 130 2519 v.
150 2469 312 2536 praeeunte
330 2469 439 2536 additque
455 2470 622 2520 Lachmannus
639 2485 685 2519 non
703 2469 760 2519 satis
777 2473 833 2536 epto
850 2468 901 2518 loco
917 2470 980 2520 inter
996 2470 1047 2535 ipse
1063 2471 1161 2520 venandi

55 2551 142 2600 officia
164 2553 247 2601 uotum
269 2551 336 2602 solvi.
370 2551 503 2616 Adjongam
524 2553 671 2611 venatorem,
695 2551 735 2616 qui
758 2551 797 2600 rix
822 2550 907 2615 incipit
932 2556 1030 2616 captare
1039 2551 1113 2616 seras
1138 2556 1161 2602 ct

58 2633 172 2682 audaces
193 2646 286 2682 mouere
307 2648 390 2690 eous,
418 2632 462 2681 diis
485 2631 563 2698 opima
584 2631 658 2697 spolia
679 2631 809 2684 venationis
831 2647 879 2681 non
904 2631 1004 2682 reddare.
1039 2631 1162 2681 Praeterea

57 2711 84 2761 in
108 2714 227 2763 Vaticano
250 2715 276 2772 Ι,
301 2714 415 2764 Vossiano
438 2714 483 2763 111
506 2716 529 2763 et
552 2713 715 2763 D’Orvilliano
736 2713 822 2779 legitur
837 2713 911 2780 pinei
932 2728 976 2779 pro
992 2713 1067 2778 pinu,
1091 2719 1161 2779 atque

57 2793 84 2844 in
105 2793 283 2862 Hamburgansi
299 2799 323 2846 et
340 2796 463 2846 Dresdenei
473 2795 543 2861 plna·
560 2795 585 2844 iu
602 2795 685 2861 primis
701 2795 754 2844 edd.
765 2796 851 2860 picam
886 2793 1045 2861 Quamobrem
1060 2796 1160 2846 feliciter

57 2876 165 2941 conjecit
189 2877 351 2928 Burmannus:
377 2883 402 2928 et
425 2881 519 2928 nectere
542 2875 589 2939 (vei
605 2877 732 2943 precedere)
753 2876 835 2942 pincis
857 2878 953 2927 Cornua
994 2878 1082 2927 Pinnae
1104 2880 1160 2926 suut

58 2974 155 3023 pennae
167 2958 226 3008 varii
240 2958 325 3009 coloris
333 2975 391 3025 quae
401 2960 498 3009 innexae
508 2959 612 3010 funiculo
622 2958 761 3008 adhibentur
770 2959 799 3008 ad
807 2961 867 3010 ieras
876 2959 1006 3017 terrendas,
1023 2960 1159 3010 coercendas

60 3040 121 3091 etin
130 3040 191 3091 retia
203 3041 366 3107 impellendum
380 3042 425 3091 hoc
437 3044 558 3091 venderes
572 3044 658 3091 vocant
666 3040 834 3106 formidinem.
852 3041 883 3098 V.
899 3041 1034 3091 l'oroellinii
1047 3042 1157 3092 Lexicon.

58 3123 106 3172 Sed
129 3139 205 3188 neque
226 3128 319 3174 nectere
340 3139 413 3189 neque
429 3123 549 3189 prendere
568 3122 691 3189 proprium
712 3125 748 3172 est
769 3121 909 3173 vocabulum
915 3145 922 3183 3
945 3125 1057 3183 solemne,
1080 3128 1108 3175 ut
1124 3127 1158 3176 ita

59 3205 153 3266 dicam,
176 3206 201 3256 iu
217 3207 261 3257 bac
278 3208 400 3258 venatione
416 3209 451 3256 est
467 3207 591 3265 claudere,
608 3205 626 3255 i.
642 3222 661 3255 e.
680 3206 810 3264 continere,
829 3221 944 3256 coercere:
964 3206 1079 3271 Virgilius
1095 3208 1156 3256 Aea.

60 3289 114 3339 XII
134 3304 157 3338 v.
176 3288 236 3340 750:
257 3290 353 3340 Seruum
364 3289 482 3356 puniceae
498 3290 590 3355 septum
599 3287 737 3354 sommidime
750 3305 858 3353 pennam
875 3289 984 3338 Lucanus
1003 3288 1038 3336 IV
1054 3304 1078 3337 v.
1093 3289 1155 3338 43⁷:

59 3373 127 3422 Dum
155 3371 256 3436 pumdoa
277 3372 414 3438 formidine
438 3385 517 3422 omos
542 3369 655 3429 Claudat,
681 3371 797 3420 odoratae
822 3375 950 3422 metuentes
975 3387 1033 3420 aera
1053 3387 1155 3436 pennae.

61 3455 149 3503 Seneca
171 3455 209 3505 Dc
232 3454 303 3504 Olem.
326 3453 352 3512 I,
376 3453 419 3502 122
442 3452 482 3502 Sic
491 3452 565 3518 serae
582 3451 652 3502 limeis
668 3456 692 3501 et
703 3451 782 3518 pimus
799 3451 887 3502 clausas
904 3453 1026 3503 contineas
1030 3474 1040 3510 ;
1058 3454 1155 3512 Seneca,

59 3535 206 3604 Hippolyto:
222 3552 247 3585 r.
261 3535 305 3585 48:
321 3535 394 3586 Picta
406 3535 501 3586 nubenti
514 3534 579 3585 timec
587 3533 666 3600 piune
680 3548 740 3584 camo
752 3533 845 3584 claudat
853 3534 1024 3600 temoreserar.
1043 3533 1154 3599 Reposui:

62 3623 85 3666 et
108 3619 222 3668 claudere
235 3617 317 3682 ptumo
334 3619 436 3668 Comum.
471 3617 566 3668 Cornua
582 3619 637 3667 sunt
653 3616 730 3674 cervi3
748 3619 818 3682 atqm
835 3619 903 3683 poeta
921 3615 998 3667 subito
1015 3614 1090 3665 addit:
1107 3629 1154 3664 non

1 3689 2 3744 l
62 3702 140 3752 temen
157 3699 233 3751 ausim
249 3703 340 3753 tentare
355 3700 432 3754 leones
448 3703 473 3752 et
487 3716 547 3752 aues.
