2640 4400
1073 342 1148 390 xm

66 506 196 562 aratura
217 503 283 560 erat
303 497 423 574 sortita,
445 495 557 572 ingenii
578 494 773 573 ornamentis,
795 511 873 572 quae
893 499 956 556 arte
976 508 1149 585 paraverat,

65 603 182 680 Cynthia
209 600 387 662 cumulabat.
417 598 491 678 Illa,
519 599 634 676 integra
662 602 776 678 aetate,
804 597 925 660 cuilibet
950 601 1007 662 arti
1027 603 1149 686 idonea,

63 712 186 787 6111116,
215 705 359 783 psallere,
387 704 512 782 saltare,
540 720 643 764 versus
664 719 810 782 pangere,
839 703 915 764 talos
930 703 1048 787 jacere,
1077 709 1150 771 satis

63 815 170 870 strenue
198 815 230 869 et
257 826 372 868 meraee
398 812 515 888 potare3
537 807 619 868 hisce
640 807 861 868 oblectamentis
882 808 994 870 animm
1014 811 1149 894 allicere,

62 919 128 974 nutu
153 931 207 974 suo
235 917 379 972 amatores
399 928 518 990 regere,
547 909 684 972 dentibus
705 926 794 987 saepe
814 908 997 990 frendentes,
1024 929 1056 974 se
1074 913 1149 991 jugo

62 1033 161 1076 exuere
181 1013 292 1074 frustra
311 1013 448 1073 nitentes.
481 1013 606 1090 Vulpius
622 1013 774 1089 Propertio
784 1029 872 1073 avum
882 1030 982 1090 regem
991 1013 1147 1080 Etruscum

61 1118 130 1177 dono
157 1117 295 1191 dederam
323 1114 521 1175 Weiohertius
548 1116 613 1192 pari
637 1115 837 1175 munificentia
864 1115 999 1178 Hostiam
1021 1137 1040 1180 a
1060 1121 1149 1185 Tullo

60 1221 181 1281 Hostilio
209 1234 392 1278 romanorum
417 1234 487 1294 rege
513 1233 605 1293 genus
633 1216 788 1278 ducentem
816 1217 920 1280 effecit.
945 1221 1148 1288 Broukhusius

60 1324 199 1400 poetriam
216 1321 362 1397 insignem
377 1321 560 1398 praedicavit
569 1322 729 1398 puellulam
740 1325 907 1398 mocretque
921 1323 1009 1402 hujus
1021 1332 1150 1392 earmina

59 1426 139 1486 nobis
159 1424 252 1484 fuisso
275 1425 451 1502 Intercepta,
483 1441 646 1500 nomenque
670 1425 775 1484 saltem
800 1424 965 1488 nominibus
991 1427 1150 1515 Corinnae,

61 1526 238 1606 sapphonis,
255 1525 398 1602 Sulpitiae
420 1526 561 1586 insertum
578 1525 616 1584 iri
630 1530 775 1603 precatur.
798 1525 880 1600 Quae
896 1532 1030 1610 qualisve
1046 1535 1151 1619 fuerit,

62 1634 137 1692 nullo
165 1631 283 1707 negotio
310 1630 467 1690 divinatur.
495 1629 609 1690 Plinius
638 1628 789 1691 Secundus
810 1631 842 1690 in
861 1632 994 1694 Historia
1013 1637 1150 1702 Naturali

63 1736 124 1795 Lib.
141 1731 290 1810 XXXIII,
319 1729 390 1808 Cap.
412 1733 447 1807 3,
471 1733 525 1809 12,
552 1730 682 1791 armillas
697 1731 1150 1819 nescioquasdescribit,virias

12 1869 13 1912 p
62 1839 105 1898 vel
125 1838 245 1899 viriolae
267 1836 377 1914 dietas,
400 1851 475 1911 quae
496 1851 562 1894 cum
583 1833 711 1894 brachiis
732 1838 795 1895 tum
814 1836 939 1911 pedibus
960 1843 1151 1917 gestabantur

63 1941 96 2000 ab
120 1941 257 2016 ambiguo
284 1943 384 2018 eoetn,
413 1939 464 2015 qui
491 1937 568 1997 iuter
596 1938 700 1997 stolum
727 1937 893 2017 plebemque
920 1942 1147 2011 benemeritam

64 2045 235 2121 teminorum
272 2048 430 2120 equestrem
465 2041 595 2100 ordinem
630 2039 714 2118 [6611.
754 2039 828 2100 Erat
858 2040 987 2118 cynthia
1013 2051 1150 2114 nobiliori

65 2147 241 2206 meretricum
272 2143 367 2204 ordini
388 2142 545 2220 adscripta.
578 2141 693 2218 Nuptae
714 2141 887 2202 dicebantur
906 2145 1024 2210 honoris
1046 2171 1150 2236 eausa,

65 2267 145 2324 quum
159 2249 247 2309 unius
264 2247 385 2308 servitio
403 2250 502 2307 essent
517 2245 682 2323 subjectae,
701 2245 746 2304 eir
763 2245 922 2328 dicebatur,
939 2253 1021 2330 eujus
1039 2261 1152 2333 quadm

64 2373 111 2430 pro
129 2361 260 2431 ternpore
280 2353 429 2413 vivebant.
461 2352 604 2427 Innuptae
625 2349 745 2426 nuptiae
767 2355 867 2428 erant,
889 2351 926 2411 de
944 2356 1050 2431 quibus
1066 2368 1152 2426 vetus

63 2463 143 2532 poeta
160 2457 240 2535 apud
255 2455 424 2516 Ciceronem
437 2456 575 2531 loquitur.
596 2453 792 2514 Romanarum
812 2454 935 2530 pudieus
946 2460 1016 2520 ordo
1027 2461 1151 2530 fortasse

64 2559 204 2637 hodieque
229 2561 326 2638 viget,
348 2560 476 2635 tritaque
496 2558 620 2618 materia
640 2575 693 2618 nos
714 2556 753 2617 ab
774 2558 897 2619 eruditis
919 2567 1152 2633 enarrationibus

65 2664 201 2724 immunes
222 2663 328 2722 reddit.
370 2661 452 2720 Vitia
477 2677 595 2738 senum,
619 2659 762 2737 juvenum
779 2659 1008 2745 inexperientia,
1028 2668 1153 2733 divitum

64 2765 194 2844 fastidIa,
231 2764 369 2824 inertium
400 2763 494 2838 gloria
521 2761 641 2821 uberem
669 2765 799 2836 segetem
826 2765 991 2826 metendam
1012 2779 1154 2848 perpetuo

65 2871 248 2946 pollicentur,
270 2883 324 2926 nec
344 2865 451 2925 leniter
471 2868 621 2939 equestres
643 2867 763 2924 metunt.

82 2971 269 3049 ,Propertius
300 2969 412 3047 primae
442 2967 591 3043 lanuginis
622 2985 713 3027 annos
742 2984 847 3047 agens,
876 2972 988 3034 calidus
1012 2974 1151 3059 juventa,

65 3076 178 3153 iugenio
198 3073 364 3151 excellens,
391 3089 444 3148 per
468 3089 501 3133 se
526 3073 591 3148 ipse
611 3071 762 3132 deamatus
783 3070 853 3152 fuitq
882 3091 985 3136 aurum
1006 3080 1054 3139 vel
1073 3073 1153 3158 gem-

65 3199 121 3242 mas
153 3180 226 3239 dare
257 3196 315 3238 uon
344 3179 478 3254 poterat,
511 3192 613 3235 versus
645 3174 748 3235 dabat:
776 3176 878 3252 optImi
909 3195 1025 3256 quoque
1052 3201 1154 3247 versus

64 3302 117 3344 non
135 3281 226 3344 nihili
247 3279 494 3357 aestimabantur,
516 3279 625 3356 quippe
646 3279 752 3355 quibus
773 3280 892 3358 clarior,
913 3281 1040 3360 indeque
1061 3289 1157 3364 magis

66 3405 81 3445 a
108 3383 324 3464 praedivitibus
356 3381 464 3458 petita,
504 3379 700 3457 pulcherrima
737 3373 834 3441 forma'
864 3384 1035 3458 praedatrix
1066 3393 1159 3450 extol-

67 3489 181 3550 leretur.

100 3593 168 3652 Non
195 3594 296 3649 tamen
323 3586 361 3646 ab
389 3603 425 3645 ea
447 3586 551 3661 primis
573 3585 697 3646 Veneris
718 3586 811 3648 saeris
833 3587 965 3650 initiatus
986 3591 1096 3672 fuerat,
1125 3600 1158 3655 ut

67 3695 125 3772 ipse
146 3689 310 3754 confitetur.
354 3686 413 3767 (El.
435 3687 478 3746 VI
499 3686 566 3747 Lib.
587 3687 711 3768 Γ1611111

976 3861 978 3866 ,
1046 3804 1059 3856 1
