2642 4396
561 361 619 422 197

167 529 265 608 ,Quis
284 531 364 593 facta
382 532 546 593 Herculeae
565 549 624 595 uon
644 531 728 594 audit
747 531 835 594 fortia
855 532 957 593 clavae

205 636 269 712 ,ut
287 653 437 713 nunquam
457 635 497 696 ad
515 639 601 698 natas
621 635 705 698 irrita
723 635 786 697 tela
805 634 898 714 feras,
1098 635 1140 697 40
1168 690 1171 696 .

168 738 291 817 ,Atque
310 739 362 800 uni
382 739 502 816 Stygias
522 738 672 802 homiuum
692 739 804 800 luxisse
824 737 985 800 tenebras?

168 945 308 1022 ,Quodsi
327 947 437 1011 Junoui
457 965 573 1010 sacrum
593 948 729 1010 faceretis
751 965 885 1028 amarae,

209 1052 303 1128 ,Non
323 1052 478 1113 clausisset
497 1070 590 1129 aquas
610 1053 677 1131 ipsa
696 1070 823 1114 noverca
844 1069 923 1129 suas.

168 1153 249 1230 ,Sin
269 1155 400 1231 aliquam
420 1156 579 1232 vultusque
600 1173 699 1236 meus,
721 1159 861 1232 setasque
881 1153 975 1218 leonis
1100 1151 1139 1216 45

208 1259 378 1338 ,Terrent,
399 1263 430 1320 et
449 1258 564 1336 Libyco
583 1259 645 1320 sole
666 1262 787 1336 perusta
808 1276 908 1340 coma,

167 1361 277 1438 ,Idem
298 1378 353 1438 ego
375 1359 497 1422 Sidonia
516 1360 574 1422 feci
594 1361 715 1422 servilia
735 1362 816 1439 palla

207 1463 357 1546 ,Officia,
379 1469 410 1527 et
429 1464 516 1542 Lydo
536 1481 629 1541 pensa
649 1464 755 1525 dimna
775 1465 848 1525 colo.

166 1566 293 1643 ,Mollis
314 1570 344 1628 et
364 1565 610 1644 hirsutumeepit
629 1563 704 1626 mihi
724 1564 817 1626 fascia
837 1569 956 1646 pectus,

207 1669 274 1746 ,ut
293 1667 430 1730 manibus
451 1669 533 1730 duris
554 1673 624 1746 apta
645 1669 746 1747 puella
766 1667 846 1728 fui.’'
1100 1667 1140 1728 50

163 1772 290 1836 Talibus
311 1772 449 1833 Alcides:
471 1777 503 1834 at
523 1772 633 1833 talibus
654 1767 732 1832 alma
753 1771 888 1833 sacerdos

204 1877 334 1938 Puniceo
354 1895 444 1942 canas
465 1877 591 1938 stamine
611 1877 711 1937 vincta
731 1893 846 1938 comas:

166 1980 286 2056 ,Parce
307 1980 417 2059 oculis,
438 1979 562 2058 hospes,
584 1980 708 2055 lucoque
729 1977 856 2040 abscede
876 1978 1022 2040 verendo:

206 2083 313 2160 „cede
335 2083 477 2162 agedum,
498 2086 529 2142 et
548 2085 614 2142 tuta
633 2081 737 2143 limina
757 2081 858 2157 linque
878 2078 957 2157 iuga

166 2186 355 2265 ,interdicta
374 2185 447 2245 viris
467 2183 626 2245 metuenda
645 2184 712 2260 lege
732 2181 847 2262 piatur,
1091 2181 1138 2242 ‘55

207 2290 318 2367 ,Quae
339 2307 372 2351 se
393 2291 539 2349 summota
558 2286 690 2346 vindicat
711 2302 861 2346 aracusa.

165 2392 301 2470 „Magno
322 2392 456 2453 Tiresias
476 2390 614 2469 adspexit
633 2389 758 2452 Pallada
776 2391 877 2468 vates,

207 2495 337 2571 „Fortia
357 2495 426 2555 dum
446 2493 544 2571 pesile
564 2491 699 2569 Gorgone
719 2491 852 2552 membra
871 2491 962 2553 lavat.

165 2600 234 2678 ,Di
254 2598 310 2661 tibi
331 2598 402 2659 deut
422 2599 496 2659 alios
516 2596 627 2678 fontes3
648 2596 723 2658 haec
742 2595 866 2673 lympha
885 2595 994 2676 puellis

206 2701 313 2779 ,Avia
333 2701 439 2763 secreti
460 2699 564 2761 limitis
584 2717 644 2760 una
663 2698 763 2760 fluit.”
1098 2695 1138 2758 60

163 2807 214 2870 Sic
235 2823 326 2867 auus:
348 2805 399 2866 ille
420 2803 550 2864 humeris
570 2807 670 2881 postes
690 2801 836 2864 concussit
856 2819 977 2884 opacos,

203 2911 267 2972 Nec
288 2910 357 2970 tulit
377 2909 483 2968 iratam
498 2907 593 2984 janua
613 2908 715 2966 clausa
734 2905 823 2966 sitim.

161 3011 204 3074 At
224 3015 380 3089 postquam
402 3008 546 3070 exhausto
562 3007 627 3084 jam
647 3007 768 3068 flumine
787 3006 900 3068 vicerat
919 3009 1049 3086 aestum,

202 3116 290 3177 Ponit
308 3115 361 3174 vix
382 3113 468 3176 siccis
489 3112 586 3174 tristia
602 3113 672 3190 jura
691 3112 803 3173 labris:

165 3218 329 3298 ,Augulus
349 3217 398 3278 hic
419 3215 520 3277 muudi
541 3233 618 3276 nunc
637 3233 773 3277 me-mea
792 3213 855 3275 fata
875 3213 1040 3278 trahentem
1096 3214 1135 3275 65

206 3324 367 3401 ,Accipitz
388 3323 463 3384 haec
482 3321 560 3382 fesso
580 3320 632 3380 vix
651 3319 725 3381 mihi
745 3323 824 3380 terra
843 3321 934 3397 patet.

165 3427 323 3504 „Maxima
344 3444 421 3504 quae
441 3424 581 3502 gregibus
600 3423 709 3484 devota
729 3427 774 3484 est
794 3441 848 3483 ara
867 3421 1007 3502 repertis,

205 3529 293 3605 ,Ara
312 3546 366 3606 per
385 3526 456 3607 has,
478 3526 589 3606 iuquit,
609 3526 741 3587 Maxima
759 3524 976 3603 facta'mauus,
1083 3568 1085 3572 -

165 3633 275 3710 ,Haec
294 3628 385 3692 nullis
405 3647 544 3707 umquam
564 3633 667 3707 pateat
685 3627 854 3690 veneranda
873 3627 996 3710 puellis,

205 3733 369 3811 ,Herculis
391 3733 493 3794 eximii
512 3751 550 3795 ue
571 3733 611 3794 sit
630 3733 725 3795 inulta
745 3732 845 3795 sitis.”
869 3811 871 3814 Ι
1094 3727 1134 3792 70
