2640 4400
1036 372 1124 418 xpm

32 529 168 590 vintrioes
179 529 279 592 labore
289 528 415 606 paravi?
436 527 475 590 Di
485 529 569 607 boni,
587 529 737 606 aparvulo
748 529 863 608 Musas,
874 529 1012 610 amioum,
1024 533 1123 596 eonvi-

30 630 83 689 via
101 631 165 692 sino
186 631 324 692 missione
340 631 412 692 lusi:
429 629 530 709 Aspice
544 650 590 691 me
615 630 662 690 eui
675 649 767 709 paror
786 631 864 692 domi
880 633 1003 711 fortune
1019 633 1125 694 relicto

30 740 131 793 est...
161 732 198 794 Ut
217 753 333 812 nequem
355 733 464 796 rutatos
489 734 565 794 inter
586 734 703 794 connino
721 734 844 812 puellos.
874 735 949 814 Abi,
972 737 1047 798 bone
1066 737 1123 815 vir,

27 840 64 896 et
86 837 163 896 vale.

72 940 176 1001 Amoto
196 941 281 1019 ludo,
311 941 344 1002 in
364 940 513 1019 Astrotoqo
533 940 633 1018 agitur
653 939 691 1000 de
713 944 820 1018 poeta,
842 940 894 1018 qui
914 945 1011 1001 orator
1030 939 1129 1008 iuerat

27 1046 64 1100 et
82 1042 201 1118 publiea
222 1043 317 1104 offieia
337 1043 464 1104 obierat:
490 1043 660 1119 Propertius
680 1059 736 1102 nee
755 1059 859 1103 causas
880 1043 976 1104 oravit
996 1043 1028 1104 in
1048 1043 1125 1120 foro,

26 1161 87 1202 neo
106 1144 231 1206 militiae
250 1163 356 1207 nomen
376 1145 471 1226 dedit3
496 1145 586 1206 nullis
606 1143 786 1222 reipublicae
806 1145 975 1206 muneribus
992 1143 1125 1221 portuno·

27 1253 96 1326 tus,
126 1249 240 1309 nullum
270 1267 407 1326 magnum
434 1248 548 1310 facinus
568 1266 741 1336 aggressus,
763 1253 855 1309 totum
876 1267 908 1310 se
929 1250 960 1309 in
981 1249 1075 1310 literis
1096 1250 1127 1309 et

27 1349 181 1410 amoribus
201 1349 362 1412 abdiderat.
388 1351 504 1410 Nubem
523 1368 577 1428 pro
596 1349 711 1410 Junone
732 1350 841 1410 eruditi
861 1350 991 1427 amplexi
1012 1354 1088 1412 sunt

72 1449 141 1511 Sex.
177 1451 317 1512 Aurelius
347 1452 436 1514 Tullo
467 1451 505 1512 de
536 1451 633 1528 patria
663 1469 717 1512 sua
746 1451 887 1528 rogitanti
916 1451 1125 1528 responderat:

22 1552 167 1630 prosimu
187 1553 331 1632 supposito
352 1553 519 1630 eontinqene
546 1551 664 1613 [imbria
685 1571 785 1632 eampo
807 1553 853 1614 Me
872 1556 991 1635 qennit,
1014 1557 1128 1620 seilicet

26 1656 60 1714 in
88 1656 213 1732 planitie
239 1675 298 1717 non
317 1658 348 1717 in
368 1657 457 1734 nolle,
479 1674 541 1718 non
561 1657 592 1716 in
612 1658 675 1718 loeo
696 1657 784 1718 edito.
816 1657 842 1718 n
864 1676 1004 1720 converso
1025 1665 1127 1721 anoton

25 1757 180 1835 Astrologi
205 1760 300 1820 loeum
325 1777 410 1822 sunm
434 1759 563 1820 natalem
588 1759 620 1820 in
643 1759 755 1820 vertiee
775 1760 881 1822 montis
902 1761 991 1822 situm
1016 1762 1127 1839 inquit:

24 1863 252 1942 scandentisque
272 1863 349 1923 oreis
370 1862 517 1941 eoneurqit
537 1862 641 1923 uertice
661 1881 772 1924 murus.
800 1862 836 1922 Iri
854 1868 972 1940 praetor
998 1864 1127 1944 deserip·

24 1965 140 2026 tionem
174 1966 270 2043 ipsam
302 1967 342 2026 ab
372 1964 480 2026 Ouidio
512 1964 643 2026 deduxit.
684 1965 720 2026 In
749 1965 854 2026 ultima
882 1965 1021 2028 Amorum
1045 1968 1127 2030 Naso

25 2069 150 2129 scnblt·
263 2149 340 2213 Atque
356 2147 439 2213 eliquia
455 2150 561 2214 spectans
578 2147 662 2213 hospes
681 2147 800 2196 Sulmonis
818 2146 900 2213 aquosi

297 2230 405 2288 Moenia,
422 2245 468 2294 qna
485 2227 561 2295 campi
575 2229 659 2293 jugera
676 2245 749 2295 panea
766 2232 862 2288 tenent,

267 2311 332 2376 Quae
348 2314 454 2370 tantum,
471 2311 546 2369 dicet,
563 2311 663 2377 potuisti
679 2313 739 2360 terre
756 2313 863 2377 postem,

298 2394 516 2460 Quantuluonrnqne
533 2393 601 2452 estis,
617 2409 660 2443 vos
677 2409 720 2458 ego
737 2407 822 2457 magna
838 2408 904 2443 roco.

26 2506 330 2585 Pseudopropertins:

262 2629 402 2679 Soandentes
419 2591 440 2678 si
458 2629 510 2694 quis
527 2631 605 2678 cernet
622 2628 650 2677 sle
666 2626 765 2677 vallibus
783 2643 859 2685 arces,

296 2713 394 2777 Ingenio
410 2727 491 2761 muros
508 2712 616 2762 aestimet
632 2709 673 2760 ille
689 2726 770 2760 meos:

263 2795 318 2860 Qua
333 2794 443 2845 nebullus
460 2809 518 2845 earo
534 2796 601 2843 roret
620 2791 731 2843 Mevania
747 2805 829 2858 eampo
847 2791 891 2840 eto.

28 2909 183 2970 Postremo
203 2907 376 2970 distichon:-

263 3025 300 3074 Ut
315 3025 401 3075 nostris
419 3025 545 3074 tnmotaote
563 3021 681 3088 superbiat
698 3019 799 3069 Umbria
815 3017 896 3077 libris,

298 3105 399 3156 Umbria
417 3106 518 3156 Itomm
535 3104 612 3172 patria
630 3101 782 3160 Callimachi,

28 3230 83 3272 non
99 3209 162 3272 fuit
178 3210 216 3270 ab
234 3211 297 3288 ipso
315 3212 466 3288 Propertio
487 3210 664 3286 confectum,
689 3208 760 3268 lieet
774 3205 854 3266 illius
874 3205 941 3265 aevi
962 3206 1049 3282 poeta
1068 3220 1126 3263 non

29 3315 165 3376 modeste
182 3312 220 3374 de
234 3316 443 3391 seloqunntnr.
464 3315 499 3374 In
519 3314 618 3390 aprico
639 3315 684 3372 est
705 3309 882 3385 astrologum
893 3307 1013 3368 alterius
1023 3309 1129 3384 poetae

29 3418 110 3478 sidus
133 3417 332 3478 consuluisse:
364 3418 432 3478 Sex.
453 3417 592 3478 Aurelius
617 3415 682 3475 avis
706 3433 765 3474 non
792 3416 856 3472 erat
884 3412 1052 3488 decoratus,
1074 3427 1132 3470 non

30 3525 89 3581 erat
116 3535 226 3598 eques,
249 3520 280 3580 in
300 3519 363 3580 soro
383 3540 442 3582 non
463 3519 628 3598 peroravit,
649 3535 753 3594 poema
775 3514 896 3576 illerum
916 3533 974 3575 non
994 3513 1129 3591 molitur3

30 3622 189 3683 cecinisset
205 3620 345 3684 fortasse:
367 3623 449 3701 eeeqi
469 3628 698 3697 monumentum,
720 3619 769 3679 vel
789 3636 946 3696 nomenque
972 3617 1027 3678 erit
1047 3615 1126 3676 inde·

33 3724 113 3785 tetite
136 3729 284 3802 nostrum,
305 3744 363 3785 non
384 3730 483 3786 tanim
505 3743 536 3786 se
557 3722 769 3786 Oollimaohnm
790 3739 939 3782 romanum
961 3719 1094 3781 dhnset.
