2642 4396
679 300 737 360 192

194 473 237 522 41.
269 473 342 523 ΜΝ
355 473 425 524 illam
441 475 558 532 hamat,
574 472 599 522 id
616 475 652 522 eet
668 489 751 523 novem
768 474 916 526 Dardanum:
935 476 1057 526 continens
1075 491 1120 542 pro
1136 477 1247 528 contentu

162 557 264 616 Aeneas,
282 555 362 616 Iulus,
380 556 412 606 dii
428 557 528 606 Penates
543 555 671 606 incolumes
687 557 797 616 fuerunt,
813 557 869 607 dum
886 558 958 623 Troje
973 559 1075 608 flammis
1091 557 1160 624 perit.

195 645 239 697 45.
280 647 343 696 Vtrae
360 645 434 694 codd.
452 646 515 710 qnod
531 661 579 695 non
594 645 710 696 cohaeret.
735 645 825 712 Scripsi
840 647 906 697 Hinc
922 663 977 696 cum
993 647 1101 698 Heinsio.

196 734 237 785 50.
273 735 345 784 Oodd.
362 750 442 784 omues
455 750 516 784 mro
532 734 616 784 Recio.
641 733 764 784 Praeclare
787 735 899 800 Ungerus
920 737 1025 788 restituit
1035 737 1112 802 jura,
1131 739 1167 794 et,
1182 735 1249 784 locum

163 816 239 866 Servii
255 817 390 884 profereus,
407 817 534 866 distichum
549 817 691 867 illustravit:
713 819 807 868 uItemo
823 819 965 885 interempto
979 819 1249 884 (uitVirgiliijnterpres)

163 902 244 948 uatum
260 902 352 949 constat
369 899 532 966 pestilentiam.
552 901 620 950 Unde
636 900 743 950 consulta
756 902 852 952 oracula
867 903 976 953 dixerunt
984 901 1249 968 pluccucloscsschlunes

162 983 244 1032 fratris
265 983 376 1041 extincti,
399 981 429 1032 ob
452 997 523 1048 quem
544 999 595 1032 rem
618 981 675 1032 sella
695 983 784 1032 curulis
801 1001 855 1033 cum
871 988 963 1050 sceptro
980 989 1004 1033 et
1020 999 1106 1034 corona
1123 988 1148 1032 et
1164 981 1248 1032 caeteris

162 1065 230 1128 regui
244 1064 375 1130 insignibus
390 1080 481 1130 semper
495 1065 565 1128 juxta
581 1065 723 1114 sancientem
739 1065 828 1130 aliquid
841 1067 970 1116 Romulum
984 1065 1127 1132 ponebatur,
1137 1063 1249 1129 utpariter

162 1148 277 1214 imperare
293 1149 432 1198 viderentur.
443 1173 455 1194 n
483 1149 532 1198 Hic
548 1165 562 1198 a
579 1147 664 1198 Sabino
677 1149 754 1211 (liceat
767 1149 827 1198 mihi
841 1153 992 1214 personatum
1006 1149 1126 1198 Poematis
1141 1151 1248 1196 sumerem

162 1229 256 1279 nomine
268 1246 311 1280 sno
323 1231 448 1298 appellare)
461 1247 476 1280 a
488 1230 574 1281 Sabino
583 1232 739 1298 comperimus
747 1236 799 1282 tum
808 1233 927 1281 Romanos
936 1235 1001 1298 peste
1009 1229 1109 1280 afflictos
1118 1227 1249 1278 consuluisse

163 1311 277 1378 Sibyllam
291 1313 438 1363 Avemulem.
455 1314 585 1363 Aventinus
598 1313 684 1363 dicitur
697 1315 800 1372 Remus,
816 1315 870 1379 quia
884 1317 988 1362 montem
1001 1312 1146 1361 Aventinum
1154 1308 1248 1364 tenebat,

163 1412 218 1446 cum
235 1397 328 1446 oracula
344 1399 440 1462 captans
457 1397 523 1462 prior
538 1396 598 1446 vidit
615 1411 654 1444 sex
669 1395 781 1445 vultures.
808 1397 909 1462 Arrepta
926 1395 1056 1452 occasione,
1074 1393 1173 1442 alteram
1189 1406 1249 1455 aeque

162 1476 253 1527 felicem
267 1477 358 1543 Ungeri
370 1478 552 1528 emendationem
565 1476 698 1527 memorabo
710 1494 779 1543 quam
787 1477 812 1526 in
822 1481 933 1527 contextu
944 1477 1083 1542 recepissem
1092 1476 1112 1524 si
1121 1473 1248 1540 tempestiue

163 1559 213 1623 ejus
233 1560 451 1610 commentationem
468 1560 494 1609 in
511 1561 618 1610 menibus
637 1559 777 1610 habuissem.
809 1560 863 1609 Lib.
878 1561 954 1609 Prim.
969 1559 1006 1608 ul.
1021 1559 1049 1617 1,
1064 1576 1087 1608 v.
1103 1559 1148 1608 10:
1167 1562 1193 1606 at
1204 1571 1248 1612 oce,

164 1641 249 1708 quibus
270 1648 306 1692 eet
328 1671 360 1679 -
380 1643 450 1692 lulum
471 1643 498 1692 ios
517 1643 616 1708 mapicis
638 1659 704 1692 secra
725 1643 791 1709 piare
805 1643 872 1708 fucis
893 1642 951 1690 deut
973 1640 1046 1690 Godd.
1063 1644 1088 1690 et
1104 1640 1156 1689 edd.
1173 1654 1247 1689 omues.

166 1724 235 1788 Quod
257 1725 383 1791 accipitur:
407 1726 461 1774 cleos
482 1724 574 1791 placere
589 1727 686 1791 magicis
703 1725 791 1775 artibus
809 1728 833 1774 et
849 1723 976 1774 sacrificiis.
1002 1725 1093 1772 Doctus
1109 1723 1148 1771 vir
1165 1721 1248 1784 conjicit

165 1811 233 1856 astra
244 1807 324 1872 piare.
351 1808 460 1872 Sequitur
477 1807 538 1856 enim
560 1809 616 1856 rum
633 1823 676 1872 epo
694 1808 834 1857 crediderim
850 1807 916 1856 vobis
932 1811 957 1856 et
973 1805 1049 1854 sidera
1063 1811 1088 1856 et
1102 1822 1182 1856 umnec
1193 1819 1248 1869 posce

167 1891 261 1952 Orstaeis
277 1891 363 1941 ducere
378 1890 529 1940 carminibus.
554 1891 627 1939 Astra
643 1890 707 1955 piare
724 1893 759 1938 est
772 1892 888 1939 astrorum
901 1889 1013 1938 duritiem
1026 1903 1131 1938 exorare.
1158 1888 1246 1952 Proper·

165 1971 214 2021 tius
227 1971 280 2022 Lib.
296 1973 346 2022 Sec.
360 1972 397 2022 Ill.
412 1974 465 2022 XII
480 1989 503 2023 v.
516 1974 560 2022 36:
586 1973 669 2023 Vicere
680 1990 717 2022 me
730 1973 791 2022 duro
804 1973 884 2022 cidem
897 1977 976 2022 certus
990 1971 1046 2022 erse.
1073 1971 1143 2020 ovid.
1158 1969 1246 2020 emnil.

166 2055 246 2114 VIII,
264 2057 309 2106 88:
331 2058 401 2112 Quod
415 2057 476 2106 mihi
492 2062 545 2120 (cae
561 2056 668 2119 summac)
684 2057 752 2106 sidua
768 2057 847 2106 oleam
863 2055 972 2120 querar?

194 2141 239 2196 '5V.
274 2148 347 2196 Gron.
370 2150 394 2195 et
417 2148 492 2212 Neap.
516 2147 640 2212 disponere
659 2163 741 2205 cerem
767 2147 924 2196 Meutcliuuus
946 2145 1086 2196 describere.
1121 2139 1244 2195 Lucretius,

166 2229 202 2288 V,
220 2228 282 2279 530:
299 2243 384 2294 sequor
400 2229 525 2294 disponere
540 2245 633 2279 causae.

200 2318 240 2369 68.
276 2321 306 2369 Iu
329 2320 403 2370 Codd.
424 2320 497 2384 elegia
520 2322 557 2370 De
574 2321 698 2384 Astrolopo
720 2319 775 2368 huic
789 2320 905 2384 juugitur.
939 2319 997 2368 Post
1011 2317 1111 2367 Durum
1128 2315 1247 2380 fragmenta

166 2400 285 2450 collocavi.

687 2568 731 2634 ΙΙ.

561 2717 615 2763 nn
636 2715 860 2763 vnnuumuo.

448 2831 531 2894 (nonu
549 2832 631 2881 uum.
649 2830 748 2888 u,1v;
766 2829 910 2888 noema,
929 2829 969 2889 v.)

199 2965 254 3014 Non
270 2966 306 3013 est
323 2961 475 3012 dubitandum
491 2963 549 3028 quiu
565 2966 647 3028 poeta,
664 2961 704 3027 qui
720 2961 782 3010 hunc
800 2961 957 3008 Vertumnum
973 2956 1044 3016 fecit,
1061 2955 1168 3006 habuerit
1183 2951 1220 3002 snb

314 3045 388 3095 oculis
403 3045 491 3095 Janum
508 3048 531 3093 et
548 3045 706 3094 Vertumnum
723 3041 803 3091 Ovidii
819 3043 895 3104 (Fast.
913 3040 940 3099 Ι,
959 3039 1017 3089 Met.
1036 3039 1115 3098 XIV.)

287 3173 366 3248 Quid
386 3174 493 3234 mirere
512 3190 594 3233 meas
614 3175 658 3232 tot
677 3172 709 3232 in
728 3189 786 3232 uuo
807 3187 926 3246 conpore
947 3166 1079 3228 formas?

327 3277 436 3356 Accipe
458 3277 612 3338 Vertumni
632 3277 717 3353 sigua
736 3279 861 3353 patema
881 3272 939 3333 dei.

286 3381 401 3443 Tuscus
422 3399 477 3458 ego
497 3385 528 3441 et
547 3381 654 3441 Tuscis
675 3379 767 3457 orior,
787 3395 842 3438 uec
862 3377 993 3454 poenitet
1013 3376 1091 3435 iuter

326 3485 444 3546 Proelia
463 3483 607 3546 Volsauos
627 3483 793 3544 deseruisse
814 3481 901 3542 focos.

287 3589 370 3648 Heec
391 3607 439 3650 me
459 3587 546 3650 cuba
561 3589 663 3666 juvat;
685 3605 739 3647 uec
760 3586 869 3664 templo
889 3586 983 3645 laetor
1003 3581 1129 3644 obumo:
1228 3575 1242 3632 5

326 3692 489 3752 Romanum
510 3692 583 3752 sctis
604 3695 655 3752 cst.
669 3707 754 3767 posse
775 3688 877 3749 videre
897 3686 1001 3746 forum.
