2624 4398
551 343 589 404 41

142 521 208 585 Nec
223 520 312 601 jnrat
330 520 362 582 in
381 517 479 581 triviis
499 517 578 580 sicca
596 515 783 594 requiescere
802 513 888 594 luna,

183 623 245 686 Aut
263 642 317 704 per
337 623 461 684 rimosas
480 622 598 684 mittere
617 621 710 681 verba
728 617 821 700 iores3

141 728 229 789 Nunc
244 726 347 807 jacere
368 744 386 787 e
406 725 480 787 duro
500 741 606 804 eorpus
626 723 714 802 lieet,
734 721 842 802 impia,
861 739 952 803 saxu,

182 829 305 892 Sumere
326 835 356 892 et
376 829 408 890 in
427 833 543 891 nostras
562 832 641 890 tetra
658 845 774 888 venena
793 829 913 890 manus!

144 933 224 1010 Quid
243 933 351 1012 sijum
371 933 454 994 canis
474 935 558 994 setas
577 949 645 994 mea
663 930 790 992 candeat
807 930 910 1010 annis,

181 1037 222 1098 111
241 1035 332 1098 iaciat
351 1036 459 1098 scissas
478 1034 620 1112 laugnida
639 1051 714 1112 ruga
733 1032 850 1112 genas?

143 1141 183 1202 At
202 1159 260 1204 non
281 1139 405 1202 Tithoni
424 1157 565 1218 spernens
585 1138 701 1201 Aurora
719 1142 868 1202 senectam

181 1243 339 1305 Desertum
359 1243 424 1304 an
442 1261 532 1322 passa
546 1241 648 1321 jacere
669 1242 755 1305 dcmc
774 1246 829 1304 est.

142 1347 230 1408 Illum
250 1347 290 1408 ad
308 1347 421 1409 vicinos
441 1363 508 1408 eum
528 1347 666 1424 amplexa
686 1346 852 1424 quiesceret
871 1345 976 1426 Indus,

180 1451 311 1511 Maiurcs
331 1450 438 1511 iterum
458 1453 504 1511 est
524 1453 630 1527 questa
648 1449 746 1510 redire
767 1448 842 1510 dies.

141 1553 229 1614 Illum
249 1571 339 1632 saepe
359 1553 421 1614 suis
441 1553 588 1614 decedens
607 1552 681 1615 ierit
701 1553 733 1613 in
752 1553 847 1633 ulnis,

182 1656 278 1732 Quam
297 1657 380 1736 prius
400 1657 553 1736 adjunctos
573 1656 678 1718 sedula
696 1655 771 1716 lavit
792 1672 891 1734 equos.

141 1762 197 1823 Illa
218 1763 289 1826 deca
309 1779 426 1824 cursum
446 1761 644 1824 conscendens
665 1760 742 1820 dixit
761 1759 893 1838 iniquos,

182 1866 311 1928 Invitum
331 1869 362 1928 et
381 1866 468 1927 terris
488 1865 638 1943 praestitit
658 1863 799 1943 officium3

140 1967 195 2030 cur·
216 1968 328 2048 majora
348 1969 426 2030 senis
447 1968 570 2029 Tithoni
590 1966 701 2044 gaudia
720 1967 801 2045 vivi,

183 2071 278 2147 Quam
298 2073 399 2150 gravis
420 2073 527 2134 amissc
547 2073 702 2134 Memnone
722 2072 818 2132 luctus
839 2075 912 2132 erat

142 2175 199 2263 Vel
220 2179 254 2237 tu
274 2175 422 2236 Tantalea
441 2194 578 2237 moveare
598 2175 638 2236 cd
656 2173 778 2236 flumina
798 2177 891 2253 sorte,

184 2279 226 2339 Ut
245 2277 342 2356 liquor
362 2279 457 2339 arenti
477 2277 562 2338 sallat
582 2278 620 2340 ab
640 2295 691 2340 ore
711 2279 809 2358 sitim3

143 2381 200 2443 Vel
220 2386 254 2443 tn
274 2380 428 2460 Sisyphios
448 2382 519 2443 licet
537 2379 682 2444 admirere
701 2381 834 2461 labores,

182 2484 310 2545 Difficile
329 2488 363 2546 ut
382 2488 562 2547 totu-monte
582 2484 694 2546 volutet
713 2501 802 2565 onus3

144 2589 253 2650 Durine
273 2589 306 2650 in
326 2590 412 2650 terris
429 2588 509 2651 nihil
530 2593 576 2651 est
596 2589 675 2666 quod
695 2589 778 2650 vivat
797 2592 930 2668 amante,

182 2693 264 2771 Nec,
284 2691 370 2753 mcdc
390 2692 416 2753 si
437 2693 552 2772 sapias,
573 2692 652 2769 qucd
672 2693 768 2754 minus
789 2711 854 2754 esse
874 2693 960 2754 velis.

146 2792 232 2869 Quod
251 2796 387 2872 quamvis
406 2797 450 2856 ita
468 2797 524 2875 sit,
546 2796 693 2858 dominam
713 2801 827 2858 mutare
847 2798 974 2859 cavebo:

184 2898 263 2960 Tum
283 2899 381 2978 flebit,
403 2918 469 2962 cnm
491 2902 522 2960 in
541 2917 588 2962 me
611 2902 737 2963 senserit
757 2920 823 2964 esse
843 2900 940 2963 fidem.

146 3000 292 3064 Assiduae
313 3004 415 3066 multis
435 3004 535 3064 odium
555 3023 696 3083 peperere
717 3006 872 3082 querelae:

184 3105 345 3183 Frangitur
365 3107 397 3194 in
417 3108 506 3168 tacito
527 3107 637 3170 femina
657 3127 746 3188 saepe
767 3109 840 3170 viro.
879 3165 883 3174 .

147 3207 178 3268 Si
199 3210 272 3286 quid
291 3211 410 3290 vidisti,
430 3229 548 3290 semper
567 3213 678 3274 vidisse
698 3216 821 3294 negat03

185 3312 248 3375 Ant
268 3315 295 3376 si
316 3315 389 3393 quid
408 3315 504 3378 doluit
523 3316 613 3397 forte,
634 3317 734 3379 dolere
754 3335 841 3394 nega.

149 3414 227 3491 Quin
247 3437 303 3496 ego
323 3419 460 3480 deminuo
482 3437 597 3500 curam,
618 3420 699 3497 quod
718 3437 808 3499 saepe
828 3418 942 3498 cupido
1083 3419 1121 3480 35

187 3521 265 3582 Huic
284 3522 379 3585 malus
399 3541 466 3584 esse
485 3525 577 3603 solet,
596 3524 645 3584 cui
664 3524 757 3585 bonus
777 3527 846 3584 ante
866 3523 931 3584 fuis

87 3656 110 3706 7.
141 3660 211 3713 Ccdd.
226 3665 276 3714 Nec
290 3664 346 3714 licat
360 3664 386 3712 in
400 3664 486 3714 triviis.
504 3666 554 3714 Gur
568 3668 633 3714 noni
648 3665 685 3714 die
699 3666 771 3714 sudes.
788 3664 912 3714 Mittendis
926 3664 1124 3730 verbispcrfitrec

43 3738 133 3790 rimosas
143 3741 259 3797 hominem
273 3746 396 3813 prohibere
409 3747 541 3816 potuissent
555 3746 663 3800 custodes
676 3747 739 3798 domi
748 3746 864 3814 Cynthiae
877 3747 991 3816 appositi,
1003 3744 1122 3814 dequibus
