2642 4396
572 341 629 400 159

46 513 168 565 vaticinor
183 515 284 580 patriam
301 515 335 564 At
351 515 441 564 certum
458 516 494 564 eat
510 515 611 564 Romam
627 516 703 581 frangi
719 515 792 566 nimia
808 515 923 566 tonorum
940 515 1057 567 solicitata
1082 517 1145 566 Vera

47 611 73 646 ac
90 599 161 647 certa
176 597 270 662 loquor,
289 596 328 646 sed
343 597 403 646 mihi
417 613 464 647 non
477 596 587 650 ereditur.
605 599 656 648 Nec
664 599 765 658 mirum,
773 613 829 648 uam
837 599 917 648 eodan
924 598 993 648 modo
1003 598 1146 648 Cassandrae

46 679 118 729 fatale
136 679 185 729 fnit
199 681 227 729 ut
242 679 341 729 mandax
356 677 488 729 haberetur.

80 769 124 820 65.
161 769 233 818 codd.
244 771 321 835 saror
333 770 432 834 patriae
441 770 498 835 suit
514 769 590 820 utilia.
610 770 903 837 Immoiuotilisprorsns,
917 770 1144 836 quiacinoncreda·

47 849 128 902 batur.
163 853 260 918 Rapum
280 852 366 902 initur
389 867 442 901 cnm
466 853 596 903 Fontcinio.
628 853 716 902 Irritus
733 854 778 902 fuit
794 853 885 920 patriae
901 856 967 904 furor
982 853 1036 912 illc
1054 857 1078 904 et
1094 869 1145 905 sero

46 933 93 983 hen
110 932 185 983 nimis
201 937 364 1001 compartum,
381 934 474 986 irritam
490 934 595 1000 linguam
611 935 708 986 deorum
725 937 815 986 monita
830 934 934 987 locutam
951 951 1006 987 aesc.
1130 959 1135 964 ·

394 1143 670 1212 ELEGIA
714 1145 804 1213 XVI.

336 1295 397 1342 DE
423 1295 567 1342 MJMS
593 1294 861 1342 MOONIMS.

278 1407 362 1471 (Codd.
380 1408 424 1467 14,
441 1409 525 1458 Burm.
544 1410 588 1468 12,
606 1408 665 1468 III;
682 1409 779 1458 Lachm.
798 1408 844 1467 13,
862 1409 919 1470 IV.)

172 1543 266 1603 Multa
285 1547 369 1622 tuae,
391 1543 513 1621 Sparte,
533 1545 674 1604 miramur
689 1545 759 1622 jura
778 1545 961 1621 palaestrae,

212 1645 273 1710 Sed
292 1665 377 1724 mage
398 1647 525 1724 virginei
545 1652 589 1708 tot
609 1648 686 1709 bona
705 1648 870 1725 gymnasii:

172 1749 258 1824 Quod
278 1769 335 1811 non
356 1750 480 1812 infames
501 1756 619 1812 exercet
639 1769 757 1829 corporo
777 1751 881 1812 lauden

211 1854 292 1916 Inter
312 1856 457 1917 luctantes
477 1857 557 1916 nuda
576 1857 677 1934 puella
696 1856 792 1932 viros,

171 1957 245 2019 Cum
265 1959 327 2035 pila
346 1960 457 2020 velocis
476 1959 555 2020 iallit
574 1977 628 2037 por
647 1958 770 2020 brachia
785 1959 901 2038 jactus,
1125 1959 1144 2018 5

210 2061 348 2140 Increpat
368 2066 398 2124 ot
417 2063 496 2123 versi
516 2062 610 2123 clavis
630 2061 746 2123 adunca
764 2060 868 2124 trochi.

171 2164 439 2244 Pulvcrnlontaque
460 2166 499 2247 ad
520 2170 667 2228 extremas
688 2170 748 2226 stat
767 2165 878 2226 femina
898 2167 1009 2243 motas,

211 2269 251 2330 Et
271 2270 382 2346 patitur
402 2268 474 2330 duro
495 2271 618 2330 vulnera
637 2269 798 2346 pancratio.

170 2371 257 2432 Nunc
277 2372 352 2449 ligat
372 2372 411 2432 ad
431 2375 562 2433 caestum
582 2371 743 2448 gaudentia
762 2369 885 2431 brachia
904 2369 991 2450 loris3

210 2475 323 2536 Missile
343 2493 420 2537 nunc
440 2475 514 2536 disci
534 2476 650 2554 pondus
670 2475 701 2534 in
721 2475 792 2536 orbo
812 2477 904 2554 rotat,
1107 2477 1147 2536 10

171 2575 284 2656 Gyrum
304 2579 403 2657 pulsat
424 2579 524 2659 cquis,
543 2579 663 2640 niveum
683 2578 762 2639 latus
784 2595 854 2638 ensa
874 2577 1014 2657 revincit,
1099 2569 1105 2584 '

210 2681 442 2758 virgineumque
462 2699 535 2743 oavo
555 2682 684 2759 protegit
704 2699 772 2742 acre
793 2684 891 2759 caput.

170 2783 209 2845 lit
229 2784 315 2846 modo
336 2786 485 2865 Taygeti,
506 2785 602 2846 crines
623 2785 763 2863 adspersa
782 2786 904 2864 pruina,

210 2887 346 2950 Scotatur
365 2890 476 2967 patrios
496 2907 549 2966 per
564 2890 639 2966 juga
659 2890 746 2965 longo
768 2905 865 2949 canes.

170 2987 275 3065 Qualis
295 2987 510 3051 Amazonidum
530 2991 653 3052 nudatis
673 2992 782 3052 bellica
801 2989 954 3069 mammis,
1106 2990 1145 3051 15

209 3093 484 3156 Thermodontiacis
504 3095 591 3155 turba
611 3096 727 3156 levatur
746 3095 842 3174 agris,

170 3195 274 3273 Qualis
295 3203 326 3259 ct
346 3196 474 3260 Eurotae
495 3198 602 3259 Pollux
624 3203 654 3259 et
673 3197 778 3260 Castor
798 3198 912 3277 aronis,

208 3301 267 3363 Hic
286 3301 380 3362 victor
398 3301 522 3380 pugnis,
542 3302 594 3361 illc
615 3301 729 3362 tirturus
750 3302 855 3382 equia3

171 3401 252 3466 inter
272 3419 346 3481 quos
366 3403 482 3465 Helene
500 3403 589 3464 nudis
610 3423 714 3481 capere
735 3422 817 3494 arma
837 3403 958 3483 papillis

208 3506 331 3587 Fertur,
351 3525 406 3569 nec
425 3507 532 3569 stanes
553 3507 704 3568 crotalisso
725 3507 804 3570 deos.
1106 3507 1146 3568 20

170 3605 235 3671 Lex
255 3610 347 3687 igitur
367 3609 513 3689 Spartana
532 3614 615 3672 vetat
634 3609 773 3672 secedere
794 3615 944 3691 amantea,

210 3713 340 3777 urticat
359 3714 391 3775 in
410 3715 508 3776 triviis
528 3715 568 3775 cd
587 3715 665 3776 latus
686 3732 752 3776 esso
773 3731 854 3776 suae.
