2642 4396
717 383 777 444 1⁷2

320 554 395 619 dnm
414 557 497 620 videt
516 559 649 622 accensis
669 559 806 622 devotam
826 577 944 622 currere
964 558 1063 621 taedis
1163 612 1167 624 .

359 659 395 720 In
414 679 534 741 nemus5
555 664 586 723 et
604 662 727 724 Triviae
747 662 861 723 lumina
879 661 957 724 ferre
976 662 1070 723 Deae.
1236 658 1264 718 20

319 761 439 826 Scilicet
457 766 612 854 umbrosis·
623 767 724 830 sordet
743 767 886 845 Pompeja
905 765 1049 828 columnis

360 867 510 948 Porticus,
530 871 645 932 aulaeis
663 870 773 933 nobilis
792 869 949 950 Attalicis3

318 969 359 1033 Et
378 969 480 1030 creber
499 972 627 1049 platanis
647 974 760 1050 pariter
779 973 969 1050 surgentibus
988 971 1076 1052 ordo,

357 1073 497 1135 Flumina
516 1075 611 1153 sopito
632 1093 768 1153 quaeque
787 1073 904 1137 Aniene
923 1073 1048 1152 eadunt,

318 1174 360 1237 ut
379 1176 486 1238 leviter
505 1177 635 1255 lymphis
655 1183 717 1240 tote
738 1179 952 1256 crepitantibus
971 1178 1066 1258 urbe,
1239 1169 1265 1232 25

358 1278 433 1340 Cum
454 1281 552 1343 subito
571 1282 677 1342 Triton
697 1299 749 1344 ore
768 1281 897 1343 recludit
917 1299 1034 1358 aquam.
1092 1363 1094 1368 Ι

318 1384 396 1446 Nam
416 1384 490 1461 quid
509 1386 669 1447 Praeneste
688 1384 811 1464 dubias,
830 1404 849 1446 o
869 1383 1016 1463 Cynthia,
1036 1386 1146 1463 sortes,

358 1485 438 1561 Quid
457 1487 535 1564 potis
555 1487 649 1549 Aeaei
670 1487 787 1550 moenia
806 1485 978 1564 Telegoni?

318 1589 416 1652 Ourve
436 1595 466 1652 te
486 1592 518 1651 in
537 1592 717 1653 Herculeum
736 1591 893 1670 deportant
915 1589 1021 1651 esseda
1042 1587 1160 1650 'libert

357 1690 457 1771 Appia
476 1712 528 1754 cnr
547 1695 634 1756 toties
653 1698 684 1755 te
705 1695 757 1754 via
775 1692 929 1754 Lanuvii?
1240 1683 1267 1742 30

317 1797 369 1859 Nil
389 1799 471 1876 agis!
490 1798 549 1860 ista
569 1800 614 1860 tui
633 1799 743 1861 furtum
762 1800 814 1861 'via
833 1801 976 1861 monstrat
996 1794 1133 1858 Amoris:

356 1899 424 1959 Non
443 1899 562 1977 urbem,
583 1899 720 1976 demens,
741 1935 780 1942 -
801 1898 913 1959 lumina
932 1900 1036 1958 nostra
1053 1895 1143 1973 fugis.

317 2002 459 2064 Falleris:
481 2002 605 2064 insidias
625 2005 657 2064 in
676 2022 724 2064 me
744 2004 894 2081 componis
913 2002 1033 2062 inanes:

355 2106 469 2167 'Pendis
488 2107 567 2168 iners
588 2107 672 2168 docto
691 2109 768 2169 retia
786 2111 857 2168 nota
875 2105 959 2167 mihi.

315 2210 419 2288 Nuper
439 2211 517 2271 enim
537 2211 575 2272 de
594 2216 625 2272 tc
645 2215 760 2273 nostras
780 2212 916 2289 pervenit
936 2209 975 2272 ad
996 2226 1083 2271 aures
1238 2197 1266 2257 35

356 2313 481 2392 Rumor,
503 2314 585 2375 etin
605 2318 667 2375 tota
687 2333 746 2375 non
765 2314 858 2374 bonus
878 2312 952 2374 urbe
971 2312 1037 2372 fuit

316 2413 375 2476 Sed
396 2416 434 2477 de
453 2435 502 2478 me
521 2418 618 2478 minus
638 2422 700 2478 est:
720 2419 818 2478 famae
834 2418 953 2495 jactura
972 2415 1101 2494 pudicae

354 2518 454 2578 'Penta
473 2519 528 2580 tibi
548 2521 689 2600 miserae,
710 2523 822 2596 quanta
842 2519 980 2598 mereris,
1001 2517 1067 2579 erit

245 2674 269 2723 3.
298 2675 334 2724 'Ia
350 2675 460 2740 speciem,
477 2677 586 2742 speciose.

244 2761 268 2812 5.
303 2763 416 2813 Ordinem
434 2765 547 2814 Codicum
562 2781 609 2814 non
621 2764 720 2815 mutavi.
735 2765 820 2813 Statua
834 2762 933 2830 Augusti
945 2779 993 2813 non
1008 2765 1058 2814 erat
1072 2761 1149 2828 posita
1161 2759 1185 2810 iu
1197 2753 1266 2820 amplo

194 2845 325 2910 Apollinis,
341 2846 421 2895 sedin
437 2846 588 2906 bibliotheca,
604 2849 632 2897 ut
648 2847 727 2896 docuit
743 2846 873 2897 Santenius.
1061 2895 1064 2900 ,

217 2939 220 2948 ’
245 2935 268 2984 l.
303 2936 376 2985 Codd.
397 2929 463 2987 claro
481 2952 609 2998 memore,
625 2937 670 2987 hoc
687 2940 736 2996 est,
753 2935 884 3003 splendido,
904 2936 1003 2986 lucente
1037 2933 1141 2998 Scaliger
1153 2925 1265 3011 corrigebli

195 3017 293 3078 Clario,
310 3019 453 3068 Passeratius
471 3021 555 3088 Pario.

243 3108 268 3156 9.
303 3108 375 3158 codd.
392 3114 417 3158 et
432 3125 493 3174 φαίη
510 3109 574 3174 vulg.
591 3109 640 3158 edd.
657 3109 684 3158 in
700 3123 755 3176 quo.
771 3107 940 3174 Hertzbergius
956 3107 1192 3158 emenderitEtduo.
1207 3103 1265 3165 snper

193 3190 319 3256 propylaeo
334 3191 380 3241 fori
396 3192 512 3241 Corinthii
529 3193 575 3242 duo
592 3192 647 3242 solis
666 3207 748 3242 currus
766 3191 828 3240 aurei
846 3190 1056 3257 conspiciebantur.
1080 3184 1228 3239 Probabilitcr
1244 3178 1265 3227 ld

193 3272 252 3321 illud
269 3273 387 3339 exemplar
403 3273 461 3322 duos
476 3289 566 3340 quoque
575 3275 680 3324 effecerat
687 3275 820 3339 Augustus,
830 3289 931 3338 quorum
939 3289 1000 3322 uuus
1010 3275 1102 3331 ortum,
1112 3270 1171 3321 alter
1178 3274 1264 3318 omum

193 3353 248 3405 solie
265 3359 454 3420 repraesentaret.

228 3444 268 3493 16.
303 3444 375 3493 codd.
401 3444 515 3512 artificia
541 3445 704 3498 Broukhusius
729 3446 861 3512 corrigebat
885 3446 1000 3513 amfleot.
1035 3444 1264 3495 Postumiorum

193 3525 347 3590 manuscripti
363 3524 462 3576 habent:

426 3607 474 3674 Qui
490 3607 564 3668 ridet,
582 3610 602 3659 is
618 3614 710 3676 peccet:
729 3612 769 3677 qui
785 3615 809 3662 te
826 3627 872 3661 non
889 3611 975 3661 viderit
992 3626 1062 3676 ergo,

459 3690 515 3739 Non
532 3692 621 3756 cupiet:
639 3693 695 3741 fecti
712 3693 809 3744 arduine
824 3695 903 3744 lumen
918 3694 998 3744 habet.

196 3773 320 3826 Distichon
336 3786 410 3838 nequo
426 3785 480 3822 cunr
496 3772 770 3844 wteecdentibus'ncque
785 3791 839 3829 oum
856 3776 1005 3846 effluentibus
1017 3775 1132 3846 quadrat,
1153 3771 1263 3835 adunque
