2642 4396
570 381 627 440 183

267 554 361 612 Desine,
380 555 464 614 Paule,
482 571 560 604 meum
576 555 679 606 lacrimis
697 571 780 622 urgere
797 557 942 623 sepulcrum,

298 636 414 686 Panditur
430 637 460 686 ul
476 637 554 688 nullas
566 637 640 701 janna
655 637 724 704 nigre
740 654 828 705 preces.

266 720 345 784 Quum
362 718 432 768 semel
447 719 550 768 internas
567 719 686 770 intrarunt
701 721 783 770 firnata
800 721 876 786 legas,

298 803 354 851 Non
371 803 466 850 exorato
485 804 549 850 stam
566 799 688 852 adamante
704 803 762 853 eice.

265 883 298 932 'l'a
313 881 368 932 licet
385 886 491 933 orantem
508 885 586 933 fuscae
603 884 659 933 deus
676 884 755 935 audiat
771 887 850 944 same,

300 968 390 1032 Nempe
406 969 460 1015 tuas
476 965 585 1015 lacrimas
601 966 676 1016 litore
692 967 763 1016 surda
778 967 865 1018 bibent.

265 1049 328 1098 Vota
343 1051 438 1098 movent
455 1050 569 1114 Superos:
590 1047 630 1097 nbi
645 1049 749 1115 portitor
766 1066 820 1100 aare
836 1051 937 1117 recepit,

298 1130 399 1180 Obscrat
416 1132 525 1182 moesos
541 1131 617 1182 lurida
628 1139 703 1198 perta
720 1149 797 1198 rogos.

31 1223 60 1271 Si
71 1221 101 1270 in
111 1221 165 1286 ipso
174 1220 241 1270 initio
249 1221 318 1272 elicit:
332 1221 453 1286 panditur
460 1221 496 1270 ad
502 1221 669 1286 eulmjanuc
676 1206 748 1286 ¹sae'pre
751 1238 847 1287 preces,
857 1220 998 1287 omniaqaae
1006 1223 1146 1286 sequnntur,

30 1303 164 1368 languent.
183 1303 242 1353 Viae
259 1301 362 1364 clausae,
379 1304 441 1352 foras
458 1301 592 1352 obstructae
608 1302 745 1353 inexorabili
762 1305 884 1355 adamanta
902 1320 955 1354 cnm
972 1302 1073 1363 umbris,
1090 1317 1148 1369 quaa

32 1386 155 1450 infernae
180 1385 306 1435 intrarent
330 1387 406 1450 lepre,
432 1400 479 1434 non
505 1389 559 1452 apte
583 1387 732 1436 conveniunt.
767 1388 849 1452 Neque
874 1387 1015 1438 conveniunt
1040 1389 1082 1436 ant
1104 1383 1148 1435 sibi

32 1468 146 1518 invicem
161 1467 313 1536 rmpoudsnt:
332 1469 419 1528 Pluto,
435 1467 491 1520 deas
507 1472 586 1520 fuscae
603 1471 681 1530 mnae,
699 1477 723 1522 le
736 1473 822 1533 audit,
840 1473 879 1523 sad
893 1473 968 1523 litora
982 1471 1052 1526 surda
1065 1470 1148 1520 bibant

34 1551 160 1600 lucrium
168 1556 231 1600 tuas.
249 1551 344 1602 Charon
354 1556 444 1612 auten,
453 1552 600 1602 ubinaulum
608 1554 859 1620 accepit,qui‹llacit?
876 1553 1084 1619 Trajicitumbras.
1099 1552 1148 1602 Hic

33 1635 129 1681 contra
137 1633 220 1682 lurida
226 1639 297 1698 perte
305 1634 400 1684 eleuat
408 1650 491 1700 rogos:
502 1634 530 1685 de
538 1635 654 1702 portitore
662 1652 692 1685 na
700 1636 797 1686 verbum
805 1636 898 1703 qnidam
906 1637 1013 1705 amplias.
1028 1635 1147 1686 Herbesos

34 1731 114 1781 ropos
138 1714 257 1766 intellectu
278 1716 428 1783 perdifficila;
452 1717 562 1783 qnoniam
586 1717 676 1767 animae
697 1719 749 1785 ipso
767 1719 839 1768 horae
854 1722 972 1769 momento
990 1721 1146 1793 huprecht,

34 1798 190 1866 sepulcrum,
203 1802 233 1848 ut
242 1799 440 1866 interpretantur,
450 1799 553 1850 nondum
566 1799 652 1849 habent
661 1801 799 1860 mearum,
814 1800 912 1868 nequid
926 1801 1002 1850 dicam
1016 1801 1044 1850 de
1057 1797 1147 1850 insulso

34 1881 150 1929 acumina
162 1879 187 1928 in
200 1879 357 1946 oppositione:
375 1897 445 1946 repes
458 1882 576 1932 herbosos.
601 1882 658 1932 Itali
671 1881 756 1932 saeculi
766 1881 857 1940 XVII,
874 1881 910 1932 val
928 1885 1030 1932 recentes
1048 1881 1146 1941 manci,

36 1981 88 2014 non
112 1979 196 2013 aureae
218 1962 300 2014 aetatis
321 1965 441 2013 Renum
462 1964 519 2014 baec
542 1967 691 2030 componeret
714 1981 773 2031 quac
795 1963 880 2014 subtile
899 1964 1014 2029 judicium
1030 1963 1146 2014 dedecent

35 2045 168 2096 Naturalis
189 2045 357 2096 sententiarum
378 2061 515 2113 progressus
538 2048 586 2096 eat:
608 2047 690 2097 Desine
707 2063 721 2097 a
737 2047 854 2107 lacrimis;
871 2048 951 2098 inanes
967 2052 1032 2098 sunt.
1062 2049 1147 2098 Preces

36 2130 141 2178 movent
161 2131 275 2194 Superos3
301 2129 408 2188 Charon,
431 2144 483 2179 aere
503 2133 613 2195 accepto,
635 2129 757 2181 subvectat
781 2129 877 2180 unsbras
899 2129 976 2181 lurida
992 2134 1056 2191 rata;
1074 2148 1146 2196 qaum

36 2211 94 2261 illae
117 2212 220 2262 internas
236 2211 300 2262 sedas
319 2212 452 2271 istrum,
471 2212 544 2275 janna
565 2212 595 2261 iis
618 2228 740 2278 nunquam
758 2213 882 2279 panditnr;
900 2228 955 2262 nam
972 2213 1015 2263 atsi
1032 2213 1105 2264 Pluto
1122 2217 1147 2265 te

37 2293 121 2352 snslit,
138 2291 292 2344 inexorabiles
309 2297 365 2344 sunt
379 2295 443 2344 foras
460 2293 628 2345 mammfinae.

90 2381 119 2432 2.
153 2379 225 2430 Cocld.
243 2381 325 2430 litora.
350 2381 440 2430 Utrum
456 2379 527 2430 litora
544 2380 616 2440 Orci,
634 2395 664 2430 aa
680 2381 825 2431 infernorum
841 2381 982 2432 flaminum?
999 2383 1144 2434 anRomana

37 2463 131 2515 tellas?
148 2463 193 2514 Sed
209 2463 306 2514 Paullus
323 2463 352 2513 ad
368 2462 447 2514 uxoris
464 2463 596 2529 sepulerum
613 2463 757 2514 lacrimatur.
775 2462 913 2529 implectur
930 2461 1048 2514 Fonteinii
1065 2480 1142 2514 emcn-

38 2545 171 2597 dationam:
189 2547 287 2606 limina,
304 2546 386 2596 limina
402 2545 510 2613 sepulcri.

91 2635 119 2683 4.
154 2633 180 2683 Si
202 2633 273 2698 hujus
296 2649 377 2684 versus
394 2633 565 2685 emendationes
582 2647 693 2698 quaeras,
712 2637 776 2683 aestu
792 2630 925 2682 numerabis
942 2633 1034 2682 aristas.
1069 2623 1143 2682 Grau.

41 2717 65 2764 N
67 2732 123 2782 cap.
136 2719 160 2766 st
170 2716 329 2766 Menteliauus
339 2717 449 2766 micros
457 2731 534 2783 ropce.
553 2715 699 2774 Vossianus,
716 2714 844 2764 Vaticanus
853 2713 866 2762 I
875 2717 901 2763 et
909 2713 953 2772 II,
966 2713 1145 2763 D'Orvillisnus

40 2815 97 2848 cnm
112 2797 210 2863 Perrojo
224 2799 359 2856 nutrcem
374 2813 454 2848 omnes
467 2798 551 2848 leuda
565 2802 644 2863 porte.
662 2797 783 2861 Iivirsejus
795 2794 924 2862 reponebat
937 2797 1144 2862 loeasproropos,

41 2882 158 2931 Heinsius
166 2882 265 2938 cheron
281 2880 436 2931 Marklaudns
445 2881 539 2931 obsidet
546 2881 667 2930 ambrosea
675 2879 758 2930 lurida
761 2896 840 2946 parce
848 2882 912 2929 loros
917 2879 1143 2939 ,Hemstsrlansium

42 2965 148 3014 obserat
164 2964 284 3013 umbones
301 2964 385 3014 lurida
397 2969 472 3029 perta
492 2965 580 3013 domos.
598 2966 675 3013 Nemo
692 2966 771 3012 tamen
786 2964 839 3011 ante
852 2959 1040 3027 Peerlkampium
1054 2959 1145 3011 rideret

41 3062 138 3096 sensum
154 3045 273 3106 laborare,
291 3061 338 3097 non
355 3049 450 3096 tantum
467 3044 617 3096 locutionem.
651 3047 742 3095 Revera
757 3043 966 3110 interpretamenta
982 3046 1006 3092 et
1023 3041 1144 3092 costamine

41 3131 123 3180 omnia
139 3129 199 3180 nihil
215 3131 320 3180 efficiunt
336 3130 382 3180 nisi
398 3130 454 3178 hoc:
473 3128 607 3194 portorium
623 3127 705 3186 datur,
723 3130 793 3193 porta
809 3126 867 3175 Orci
884 3125 1023 3175 occluditur.
1053 3126 1143 3175 Vcrmn

41 3213 140 3264 umbrae
156 3217 249 3280 portam
266 3213 409 3262 horrendam
425 3227 473 3261 non
489 3211 665 3276 ingrediuntur,
682 3210 727 3260 nisi
744 3209 809 3275 prim
826 3223 840 3256 a
858 3208 1143 3262 Charontetransraetaa;

42 3295 111 3360 idque
133 3299 306 3362 pentametrum
328 3293 461 3358 significare
482 3292 612 3359 oportebat.
648 3293 735 3343 'laedet
754 3295 875 3358 praeterae
897 3289 1000 3354 ejusdcm
1017 3286 1143 3338 sententiaa

42 3379 78 3425 ter
91 3377 216 3442 repetitae:
231 3379 300 3443 porta
315 3375 403 3426 claudit
417 3373 527 3433 umbras,
541 3375 615 3437 janua
626 3374 805 3440 uonpanditnr,
819 3370 1142 3422 riaaralseraeobssrantur.

43 3457 110 3508 Haec
126 3459 221 3508 omniuo
238 3473 252 3507 a
265 3457 385 3525 Propertii
397 3458 466 3523 genic
480 3457 562 3506 aliena.
589 3457 767 3522 Peerlkampins
780 3456 886 3522 reposuit
897 3455 953 3521 [με
960 3471 1007 3520 per
1020 3454 1142 3504 ambrosea

37 3538 132 3601 fenera
145 3545 229 3607 portet
245 3557 336 3606 apum
361 3540 471 3590 audemus
494 3555 564 3604 qnam
586 3539 681 3598 varias,
699 3555 741 3589 nec
756 3538 864 3597 feliciter,
880 3538 935 3604 quis
944 3538 1040 3602 fluere
1055 3535 1142 3600 legitur

43 3625 67 3673 iu
83 3639 108 3672 v.
124 3623 155 3682 ὅ,
178 3626 247 3688 atqm
269 3624 364 3689 Stygiae
386 3639 457 3688 aquae
478 3639 526 3673 non
542 3623 599 3673 bene
615 3623 739 3673 umbrosae
754 3624 905 3678 recusantum
924 3618 1021 3684 Virgilii
1038 3620 1139 3667 caetero·

45 3718 141 3771 nunqua
156 3709 225 3756 noma
239 3709 295 3754 suut
307 3705 456 3756 infernalium
471 3705 596 3756 fluminum
608 3708 633 3754 et
644 3705 738 3754 lacerum
746 3704 921 3770 descriptiones.
946 3701 1049 3769 Repoaui
1055 3715 1139 3767 prora.

44 3787 138 3838 Scribae
159 3804 187 3838 cr
210 3788 303 3853 ingenio
325 3790 430 3838 fecerant
441 3794 531 3854 perta,
549 3787 698 3854 praecedente
713 3787 815 3838 abne.
849 3785 967 3836 Hemetos
983 3783 1075 3835 correxi
1093 3799 1137 3850 pro
