2642 4396
563 351 621 414 173

29 527 56 577 in
74 530 131 578 toto
149 526 252 578 carmine
268 526 441 578 convenientem
459 525 536 576 sedem
552 524 657 576 invenire
673 527 758 592 potest.
775 525 911 578 Sententiae
919 527 1072 594 perobscurus
1081 533 1137 581 sunt

31 613 56 659 et
75 612 187 668 coactae;
210 609 312 660 crimina
329 611 407 658 lumea
424 609 513 659 haberat
529 609 585 674 quid
601 609 633 658 sit
649 623 717 660 nemo
733 609 834 659 discafit.
862 610 950 675 Quodsi
967 627 1020 660 cum
1039 611 1136 661 Heinsio

31 708 146 760 repones:
173 695 265 744 lumina
287 693 376 744 odmen
394 694 495 753 tabent,
512 693 619 743 tenebras
636 697 660 742 et
676 692 841 758 ambiguitates
858 708 904 742 non
921 692 1020 760 brgabis.
1046 694 1133 759 Aenig-

29 780 98 824 mata
115 791 177 840 quas
192 774 260 825 nobis
277 775 362 839 objecit
379 774 465 826 sciolum
481 774 590 840 quidam,
614 790 660 826 non
677 775 831 841 Propertius,
845 774 943 841 spongia
959 774 1069 835 delenda,
1086 790 1132 824 non

31 859 153 908 medicina
169 859 272 909 sananda
289 862 353 908 sunt.

65 962 110 1012 1¹1.
146 961 201 1012 Hoc
217 964 280 1022 loco,
298 977 352 1012 cum
368 961 501 1012 Passeratio
517 959 622 1028 intellige
639 962 741 1022 Romae,
757 977 804 1012 non
820 962 846 1012 in
861 961 950 1029 templo
967 962 1091 1030 Apollinis.

64 1061 115 1118 23,
134 1059 177 1110 24,
212 1057 286 1110 Oodd.
301 1060 410 1126 plataeis
426 1061 580 1126 serpentium
599 1060 740 1128 Calpurnius
757 1063 860 1112 correxit
875 1061 1034 1128 serpentibus.
1061 1061 1135 1114 codd.

31 1143 140 1194 Maroae
155 1143 261 1202 eadum
279 1143 434 1194 Marklaudus
452 1142 556 1210 reposuit
571 1143 675 1195 Animae:
694 1144 843 1210 Propertius,
860 1144 976 1212 descripta
993 1143 1134 1196 bibliotheca

31 1225 140 1290 Augusti
161 1229 185 1274 et
208 1224 324 1290 Apollinis
346 1225 446 1292 templo,
471 1223 572 1275 celebrat
588 1229 669 1276 nomm
686 1227 804 1293 porticum
821 1227 935 1293 Pompei,
952 1243 1023 1294 aquas
1041 1227 1138 1278 Anienis

33 1309 141 1357 Romam
157 1307 280 1367 deductas,
297 1308 374 1358 fontes
390 1307 558 1372 umbrosaeque
575 1307 744 1359 ambulationes
760 1308 791 1358 ab
809 1309 916 1377 Agrippa
931 1309 1004 1375 signis
1019 1313 1042 1360 et
1051 1310 1137 1360 artium

34 1391 149 1457 operibus
167 1393 269 1440 ornatas.
295 1390 468 1440 Sententiarum
485 1391 541 1440 ordo
558 1407 572 1440 a
588 1408 611 1441 v.
630 1392 662 1441 17
680 1393 709 1441 ad
725 1393 757 1440 26
775 1391 813 1442 bic
831 1395 878 1442 est:
898 1392 997 1441 Utinam
1014 1392 1104 1451 adires,
1122 1409 1136 1442 o

34 1473 155 1538 Cynthia,
172 1477 222 1522 tam
239 1472 358 1539 prmclara
375 1472 449 1524 Urbis
465 1477 629 1534 monumenta,
646 1475 805 1540 potiusquam
813 1474 935 1524 Aricinum
945 1477 1136 1540 nemuspetares,

33 1553 197 1622 spectaculum
213 1558 238 1603 te
253 1555 379 1621 praebens,
396 1557 499 1606 accensis
515 1547 589 1608 taedis
606 1561 738 1607 currentem
755 1557 784 1606 ad
801 1557 937 1607 celebranda
954 1572 1021 1607 sacra
1033 1557 1136 1608 lbanael

35 1638 127 1684 Omnes
150 1637 174 1685 et
196 1635 274 1684 omnia
294 1652 332 1686 me
355 1637 447 1687 credere
463 1642 544 1688 vetant
560 1641 584 1688 te
601 1637 658 1688 tolia
674 1654 754 1703 gerere
770 1638 881 1704 religione
897 1643 1037 1705 permotam.
1071 1640 1138 1689 Num

34 1719 145 1776 sordent,
162 1733 220 1766 num
236 1718 354 1783 squalidae
371 1722 426 1769 sunt
443 1721 531 1770 Romae
548 1722 653 1786 porticus
670 1721 781 1787 Pompei,
797 1720 932 1772 umbratiles
941 1721 1136 1782 columnae,ten·

34 1801 97 1851 toria
114 1801 234 1860 Attalica,
252 1800 346 1850 crebrae
363 1800 472 1868 platani?
495 1801 627 1868 Displicent
642 1819 714 1868 aquae
730 1803 807 1870 rapidi
823 1803 919 1854 Anienis
936 1805 1137 1870 praecoquam

36 1884 144 1946 Horatii)
160 1883 199 1932 bie
215 1898 278 1933 unua
295 1884 396 1950 sopitae,
413 1883 437 1933 id
452 1887 488 1934 aet
503 1884 528 1934 in
545 1884 635 1934 anulos
651 1889 675 1934 et
691 1885 1136 1947 listulasoonelnsae,leviterfluentas,

35 1968 146 2017 salientes
168 1968 192 2016 et
213 1965 353 2031 crepitantes
370 1970 422 2016 tum
438 1983 492 2016 cum
508 1967 612 2018 'lbitonis
628 1970 706 2018 statua
723 1967 800 2019 subito
818 1985 843 2020 os
860 1969 971 2032 recludit,
994 1985 1022 2020 ex
1039 1986 1079 2022 ore
1095 1986 1137 2022 suo

35 2049 86 2099 illas
103 2065 178 2115 aquas
194 2047 294 2108 amittit,
311 2047 450 2112 jaculatur?

67 2149 109 2200 27.
147 2145 210 2212 Quid
226 2145 286 2212 petis
302 2144 384 2195 dubias
401 2147 476 2196 sortes
493 2145 626 2198 Praeneste.

66 2247 108 2296 30.
146 2247 222 2311 Neap.
245 2243 313 2294 ducit
335 2261 404 2294 auus.
438 2245 512 2296 Gron.
529 2244 597 2295 ducit
613 2262 701 2305 anum,
719 2243 735 2294 i.
753 2262 773 2296 e.
791 2249 885 2313 turpem
902 2246 1031 2308 aniculam,
1050 2247 1133 2299 Italica

34 2327 194 2378 oeccbiaeca'c.
229 2328 305 2376 Nemo
328 2330 391 2376 certe
411 2323 503 2376 liberali
525 2327 659 2376 educatione
676 2327 800 2378 institutus
817 2328 873 2378 talia
889 2329 958 2379 ierat.
992 2330 1135 2390 Beroaldus,

36 2409 162 2469 Heinsius,
180 2409 356 2470 Broukhusins,
374 2411 523 2460 Burmannus
537 2410 591 2473 jure
607 2411 927 2475 meritoquedamnaverunt:
947 2409 1134 2478 Vulpiuedefan-

34 2493 86 2543 dere
102 2492 169 2543 nisus
185 2496 222 2542 est
238 2491 424 2542 animadvertens
442 2492 547 2542 Venetiis
565 2492 648 2542 blande
669 2493 716 2542 dici
732 2493 782 2544 mia
798 2494 912 2552 erectim
930 2495 970 2544 sed
989 2493 1134 2561 probandum

35 2579 99 2635 erat,
123 2577 213 2624 Romae
230 2578 302 2641 atque
321 2575 382 2642 apud
398 2574 495 2624 Latinos
513 2575 626 2625 nostrmia
642 2575 714 2625 verba
731 2575 755 2625 in
772 2593 815 2626 usn
831 2578 910 2626 fnisse,
927 2605 961 2614 -
978 2577 1066 2628 Melior
1083 2581 1134 2627 erut

35 2661 142 2724 profecto
161 2656 324 2725 interpretatio
341 2657 443 2721 Perreji:
472 2657 520 2706 Curr
540 2657 579 2706 via
594 2657 672 2724 Appia
688 2659 757 2708 toties
773 2663 798 2708 te
815 2659 879 2709 ducit
895 2659 931 2708 ad
946 2677 1034 2720 anum,
1058 2660 1136 2710 idest

36 2741 62 2789 ad
87 2756 185 2806 sagam,
215 2741 244 2790 ad
270 2739 372 2790 diuinam
395 2739 496 2805 aliquam
518 2739 624 2790 ariolam.
658 2741 748 2790 Verum
777 2741 859 2792 doctm
884 2741 979 2808 quidam
1004 2741 1134 2792 Britannus

36 2823 162 2890 superioris
182 2822 268 2873 naun
290 2823 405 2876 sinceram
426 2819 549 2872 lectionem
569 2822 685 2874 restitnit:
711 2823 854 2876 Lanuuium.
891 2823 1132 2882 Praeneste,lb1scn·

37 2903 99 2966 lum,
117 2906 193 2957 'Iibur
209 2909 233 2955 et
249 2905 383 2956 Lanuvium
399 2903 558 2963 rusticationi,
574 2904 663 2954 deliciis
680 2908 703 2955 et
720 2904 838 2956 amoribus
852 2905 903 2955 loca
918 2910 986 2956 erant
1000 2905 1092 2955 conscia
1109 2909 1133 2956 at

36 2990 117 3051 parata
123 3007 131 3046 ς
157 2987 250 3053 singola
270 2987 376 3038 nominat
396 2986 540 3053 Propertius.
574 2986 686 3048 Librarii,
709 3004 809 3053 quorum
825 2987 981 3038 intolerabiles
999 3003 1090 3038 errores
1106 2987 1132 3038 iu

36 3069 168 3120 nominibus
190 3069 293 3136 propriis
315 3069 435 3119 exarandis
459 3070 509 3119 noti
532 3073 601 3131 aunt,
624 3071 797 3121 Lanuviumin
814 3072 970 3121 duritatem
987 3071 1131 3122 contamina·

36 3154 98 3202 rant.
121 3151 171 3202 uix
187 3155 266 3202 tamen
284 3151 377 3210 credas,
395 3151 535 3201 recentiores
552 3151 645 3202 criticos
662 3168 734 3218 aequo
751 3152 828 3203 animo
845 3153 932 3203 iterare
948 3153 1040 3202 foedam
1058 3152 1133 3221 scrip·

36 3235 127 3294 turam;
143 3234 169 3285 in
185 3231 298 3284 bmbaros
314 3233 404 3284 scribas
423 3237 536 3285 atomum
553 3235 634 3300 religio
650 3236 729 3302 potuit
745 3235 841 3286 suadere
856 3235 986 3286 mdoruml
997 3257 1009 3280 n

70 3334 111 3384 35.
145 3335 221 3384 Gron.
239 3331 351 3399 peruenit
373 3332 409 3382 ad
429 3347 516 3392 aureas
534 3335 610 3399 Neap.
627 3350 664 3384 me
680 3333 757 3384 laedit
773 3335 809 3384 ad
823 3348 902 3384 aurea.
935 3332 1059 3384 Disticbon
1075 3331 1135 3384 mihi

37 3427 82 3466 nor
99 3420 163 3468 earet
179 3414 317 3482 suspicione.
350 3416 406 3465 Jam
423 3415 525 3467 &erate
545 3416 591 3466 tibi
607 3433 644 3466 me
660 3417 756 3468 credere
772 3416 844 3467 turba
860 3419 933 3466 cetat.
967 3414 1135 3466 Medorum:

39 3498 111 3548 audit
131 3497 194 3549 iners
217 3498 275 3548 retia
298 3497 358 3547 mibi
380 3498 466 3556 docto;
490 3513 541 3558 eur,
559 3513 644 3562 quaeso
661 3498 768 3549 adderet:
785 3515 861 3564 nuper
877 3495 939 3548 enim
956 3498 984 3546 da
1000 3500 1135 3548 terrestres

35 3581 142 3645 amerit
163 3582 199 3632 ad
220 3592 291 3632 aures
312 3579 424 3630 Moror?
458 3583 514 3631 Non
539 3581 672 3631 mmoribus
697 3584 791 3631 tantum
812 3582 905 3630 edoctus
923 3582 973 3630 erat
989 3579 1135 3646 Propertius.

40 3664 118 3715 Nihilo
135 3665 221 3725 sedas,
239 3676 381 3730 quamquam
397 3662 456 3714 duos
472 3663 595 3730 frigidulos
610 3680 691 3716 versus
707 3664 764 3715 ordo
782 3663 948 3714 renuntiarem
965 3677 1012 3713 uon
1020 3659 1135 3728 requirit,

41 3745 182 3812 expelleres
198 3749 311 3820 contextu
326 3762 374 3796 uon
391 3763 443 3798 snm
460 3762 538 3802 ausus.
