2642 4396
574 353 633 414 225

40 543 146 594 semper
160 528 223 592 viget
236 525 368 576 mirandum
381 527 404 575 ot
417 528 498 575 notum
512 523 678 590 speuteoulum.
697 525 776 590 Quum
787 541 880 576 sermm
888 526 1024 576 burotbrnm
1033 526 1149 593 operitur,

41 616 107 660 tum
123 626 166 676 per
179 609 237 658 illud
251 608 375 658 nrittnntnr
389 607 490 656 canistro
502 604 559 656 cibis
572 607 657 656 resne
672 609 696 656 et
710 607 822 672 serpentis
836 607 920 658 honori
927 607 1014 668 dimtn,
1027 609 1067 674 qui
1076 623 1152 658 mune

41 691 141 757 pabule
163 691 238 757 poscit
260 689 373 739 horrende
395 688 490 738 sibilans
511 689 628 754 humoque
650 703 675 737 se
690 691 808 754 torquens.
825 691 870 749 At,
888 707 902 740 o
917 691 1005 756 Virgo,
1022 692 1102 742 sinon
1119 691 1151 740 sis

43 780 133 834 cute,
149 774 194 824 hoo
207 774 253 823 iter
267 777 321 823 ente
333 772 410 822 omnin
425 772 488 822 time.
509 773 573 831 Quo,
589 789 636 837 quc
651 776 687 822 est
702 777 765 832 tum,
781 788 840 823 cum.
859 775 934 823 Omne
947 789 1016 834 cece,
1030 789 1085 823 euve
1099 776 1152 824 onte

43 873 149 915 omme,
166 870 266 905 ommno.

87 944 131 993 15.
166 943 237 992 Viam
253 941 355 1008 Appium
372 939 498 1006 obloquitur
513 943 641 1005 testemque
657 939 750 990 invocet
767 941 889 1008 triumphi.
906 942 1042 1009 Propertius
1059 941 1096 992 ul.
1105 942 1151 991 XX

45 1027 112 1076 Lib.
129 1025 193 1074 'l'ert
209 1023 312 1090 Appium
327 1022 390 1072 viem
406 1021 579 1079 nominatorum
595 1021 731 1071 falsificetor
746 1022 791 1071 loci
807 1023 920 1073 meminit.

89 1120 132 1168 17.
166 1117 263 1166 Arcana
287 1116 386 1166 taberna
407 1114 423 1162 i.
441 1129 461 1162 e.
484 1112 561 1162 cesule
582 1116 696 1178 suspecte.
725 1113 876 1174 ae'lubernne,
901 1114 934 1164 eit
956 1115 1073 1176 Isidorus,
1095 1114 1151 1164 olim

45 1200 203 1251 vocabuntur
216 1197 330 1247 aediculae
343 1196 487 1264 plebejorum
501 1195 755 1263 psrvneetsimplices,
771 1211 912 1261 quoennnc,
927 1197 1150 1262 etsinonspeciem,

46 1288 138 1334 tamen
155 1297 238 1331 nomeu
254 1279 380 1347 pristinum
397 1278 528 1328 retinent.

89 1373 133 1421 20.
168 1373 277 1436 Impurus
294 1371 357 1420 locos
374 1370 516 1435 interpretor
530 1371 637 1434 suspecte
649 1367 714 1427 loce,
731 1367 771 1418 ubi
784 1384 880 1418 ercenee
894 1313 1002 1418 tuborum
1016 1371 1153 1431 extiwruut,

49 1471 100 1521 per
118 1469 177 1520 quse
192 1454 252 1502 false
269 1451 371 1518 cynthio
387 1449 415 1500 ob
432 1449 511 1516 Appia
527 1449 565 1500 vis
581 1449 703 1498 deflectens
720 1466 814 1499 currum
831 1454 918 1515 egeret.

91 1544 135 1592 21.
169 1541 411 1592 (heodericum
429 1544 512 1603 capto,-
530 1540 605 1603 Noep.
623 1538 743 1602 Sirinqam
760 1543 832 1589 tacto.
862 1540 892 1587 In
910 1539 966 1589 Cod.
984 1541 1097 1591 Ponteni:
1115 1543 1154 1592 Sic

50 1627 149 1690 ararica
172 1624 261 1683 trabit,
283 1621 349 1689 quusi
371 1621 443 1671 dicet:
468 1619 561 1685 burigun
582 1621 662 1669 mnniu
683 1620 789 1670 sustinet.
814 1621 941 1670 Beroaldus
958 1623 1058 1673 correxit
1074 1625 1154 1675 Serica

49 1725 117 1758 nam
139 1713 219 1766 taceo,
242 1706 266 1754 in
289 1705 368 1770 vulgg.
385 1707 504 1770 receptum
511 1724 517 1761 ;
542 1703 586 1752 boo
604 1707 651 1752 est:
675 1703 709 1751 nil
726 1703 753 1752 de
772 1718 841 1752 curru
858 1704 947 1762 dicem,
964 1704 998 1753 nil
1014 1705 1042 1754 de
1059 1705 1154 1756 canibus

50 1797 106 1842 cte.
124 1789 268 1853 Groningeni
284 1787 382 1852 vestigio
399 1801 505 1851 proruens
522 1785 599 1834 scribo
617 1787 698 1834 Serica
717 1803 772 1834 nass
790 1790 881 1850 captat.
899 1785 1048 1835 Meretricule
1061 1788 1156 1853 edeeqni

52 1870 190 1922 conobetnr
211 1868 338 1918 decoctoris
361 1870 482 1933 carpente,
506 1866 600 1930 ejusque
623 1865 754 1914 armillatos
771 1881 845 1915 conss.
870 1866 914 1914 Sed
930 1870 1023 1934 tempus
1040 1873 1114 1918 terere
1131 1869 1155 1916 iu

53 1956 107 2004 hoo
132 1952 233 2002 carmine
259 1948 395 2017 expoliendo
420 1948 492 2014 piget.
527 1948 574 2013 Qui
601 1948 657 1996 tulis
683 1947 806 2012 Propertio
831 1947 982 2007 adscribunt,
1007 1945 1156 2014 Propertium

52 2035 178 2086 immerito
203 2033 304 2083 laedunt.
321 2060 354 2070 -·
371 2030 440 2080 Vulsi
466 2033 532 2079 erent
554 2028 678 2080 effeminati
701 2029 820 2089 homines,
840 2029 924 2095 quibus
940 2030 983 2096 pili
999 2031 1156 2091 vellebantur,

54 2123 85 2168 ut
107 2116 184 2182 glabri
200 2115 307 2180 levesque
322 2113 499 2179 inspicerentur.

94 2207 136 2255 23.
171 2205 219 2269 Qui
235 2203 350 2270 glsdiator
366 2203 411 2252 erit
428 2204 452 2252 et
468 2202 515 2251 suis
532 2201 607 2252 inetur
623 2201 767 2267 saginabitur
783 2201 812 2251 ud
827 2203 917 2252 neodem
930 2203 955 2252 in
969 2203 1036 2254 Circo
1052 2205 1156 2266 (cerealia

49 2291 142 2358 sato),
165 2291 253 2338 frustra
274 2286 372 2336 bubum
394 2285 488 2345 erodet,
511 2301 563 2335 cnm
586 2285 693 2334 oinuedus
710 2285 767 2344 iste,
791 2286 864 2334 estete
880 2289 1015 2351 superante,
1032 2288 1108 2352 turpis
1125 2288 1157 2337 sit

54 2368 211 2422 amatoribus.

580 2552 640 2618 111.

445 2710 643 2759 nnnnnrnn
665 2708 771 2756 nnnn.

351 2853 433 2916 <cone
450 2853 532 2902 num.
549 2851 578 2908 e,
596 2850 648 2906 1v;
668 2847 764 2896 naum.
782 2846 811 2904 o,
830 2845 869 2906 ν.)

184 3006 273 3066 Disce
294 3004 367 3080 quid
386 3003 536 3079 Esquilias
556 3001 612 3060 bao
633 3003 717 3060 nocto
738 2997 848 3075 fingarit
868 3014 1010 3073 aquosas,

224 3106 298 3168 Cum
318 3106 417 3165 vicina
437 3104 521 3165 novis
542 3104 628 3164 turba
649 3102 775 3162 cucurrit
796 3100 885 3177 egris.

186 3208 259 3270 Cum
279 3208 362 3268 fieret
382 3211 481 3268 nostro
502 3205 589 3267 toties
610 3205 717 3282 injurie
738 3205 829 3281 lecto,

224 3314 336 3373 Mutato
358 3311 437 3371 volni
458 3313 555 3369 castra
575 3325 692 3368 movero
714 3311 786 3368 toro.

184 3416 300 3494 Phyllis
320 3414 485 3475 Aventinae
507 3410 652 3488 quaedem
673 3414 719 3470 est
738 3409 837 3469 vicina
857 3408 988 3488 Dianae,
1139 3411 1157 3468 5

226 3519 329 3581 Sobria
349 3523 434 3595 grata
453 3534 573 3594 parum:
594 3533 660 3575 oum
681 3513 776 3592 bibit,
798 3530 882 3572 omne
903 3512 996 3572 decet.

187 3627 289 3685 Altera
310 3622 454 3698 Tarpejos
475 3624 520 3681 est
540 3619 616 3678 inter
638 3619 712 3677 Tela
732 3617 828 3694 lucos,

225 3723 372 3806 Candida3
394 3723 447 3784 sod
467 3727 554 3800 potas
575 3740 632 3782 non
653 3719 726 3780 setis
746 3735 821 3779 unus
841 3717 906 3777 erit.

1025 3817 1056 3867 15
