2640 4400
1052 384 1134 428 XXIX

42 559 176 604 amorum
203 539 382 617 temporibus
408 538 648 616 respondentem,
683 542 771 616 atque
798 537 915 600 lucidae
942 538 1014 600 facis
1041 540 1134 601 instar

42 648 206 704 carminum
228 641 360 703 ordinem
379 645 410 702 et
429 641 535 702 seriem
555 639 788 718 chronologicam
808 642 944 704 illustrat
976 643 1085 703 Verum
1107 643 1133 704 si

42 748 133 808 libros
160 765 250 808 manu
276 747 399 824 scriptos
426 747 475 806 vel
500 745 582 822 typis
608 762 746 806 excussos
768 744 832 822 jam
860 745 1014 824 edendas,
1035 745 1133 806 omnia

41 869 182 927 perversa
192 847 646 929 reperies,nullapsychologica
655 849 843 910 connexione.
863 848 980 910 Exinde
990 850 1133 910 naturalis

41 955 261 1031 singularisque
277 953 420 1030 poematis
437 953 551 1030 unitas,
575 953 606 1012 in
626 953 770 1014 varietate
790 952 949 1031 mirabilis,
969 953 1052 1014 laesa
1073 957 1131 1031 est,

40 1061 200 1120 affectuum
227 1063 257 1118 et
283 1057 452 1134 cupidinum
479 1055 594 1132 pictura
620 1056 823 1134 obumbratur,
844 1056 960 1133 poetica
978 1056 1132 1135 uoluptas,

40 1180 129 1238 quam
149 1179 248 1222 rerum
267 1161 378 1220 veritas
397 1158 562 1238 perfundit,
583 1159 636 1218 vix
654 1159 829 1237 primoribus
847 1159 939 1220 labris
959 1164 1102 1236 gustatur.

78 1265 156 1324 Sunt
176 1264 229 1340 qni
249 1263 433 1341 Propertium
453 1263 618 1339 indigestae
638 1261 839 1339 dispositionis
857 1266 1004 1322 auctorem
1021 1262 1131 1323 volunt

40 1368 73 1426 Id
92 1369 169 1429 artis
189 1367 323 1444 poeticae
343 1366 502 1427 dictamina
519 1365 671 1444 refellnnt3
693 1369 793 1425 tamen
809 1365 1025 1426 concedendum
1036 1369 1131 1443 esset,

39 1471 157 1546 quando
184 1475 245 1530 tres
271 1469 341 1529 libri
368 1469 470 1530 eodem
495 1473 625 1546 tempore
645 1467 878 1545 conjunctimque
900 1467 973 1528 editi
992 1465 1131 1546 fuissent;

40 1575 90 1634 sed
118 1573 311 1650 singillatim,
338 1572 476 1650 seorsim,
505 1576 633 1648 ternpore
654 1571 806 1648 interjecto
827 1571 962 1646 vulgatos
982 1572 1131 1648 novimus3

40 1696 107 1755 ergo
125 1676 286 1738 absurdum
304 1675 418 1753 elegos,
429 1679 515 1753 pute,
532 1678 600 1752 post
615 1675 824 1736 discessionem
840 1673 933 1736 factos
946 1675 1040 1751 primo
1057 1674 1131 1733 libro

40 1781 76 1840 ab
97 1783 219 1840 auctore
239 1778 363 1838 insertos
384 1777 512 1839 credere.
544 1777 602 1838 Sed
628 1781 834 1856 praepostera,
862 1796 920 1838 non
940 1776 1133 1854 Propertiana

41 1883 210 1945 distributio
237 1883 305 1942 aliis
325 1883 421 1942 causis
442 1882 604 1942 clarissime
625 1883 797 1943 ostenditur.
838 1881 1008 1958 Propertius
1029 1880 1060 1939 in
1080 1878 1131 1939 Se·

6 2001 7 2006 ¹
41 1987 135 2047 cundo
155 1983 313 2062 (lodicum,
340 1985 377 2044 de
405 1984 537 2062 proximo
563 1985 645 2045 obitu
672 2003 725 2045 suo
751 1985 930 2063 vaticinans,
958 1984 1021 2043 vult
1038 1983 1132 2044 tribus

44 2087 187 2165 Cynthiae
208 2087 293 2148 libris
314 2085 418 2147 funere
437 2087 543 2147 ornari.
564 2085 638 2160 Quis
659 2087 854 2165 dubitaverit,
874 2086 994 2165 amabo,
1015 2101 1132 2146 carmen

42 2191 78 2249 ad
98 2190 236 2250 Tertium
256 2189 403 2266 pertinere
424 2193 453 2248 et
473 2193 590 2265 poetam
611 2190 642 2249 in
663 2189 816 2268 Tertium,
836 2208 894 2249 non
914 2189 946 2249 in
966 2187 1132 2250 Secundum

43 2292 224 2354 contulisse?
257 2292 463 2352 Lachmannus
490 2293 598 2352 nodum
623 2309 727 2352 secans
753 2310 840 2368 quem
862 2291 1001 2369 expedire
1021 2291 1131 2370 noluit,

43 2399 99 2455 tres
116 2395 209 2456 libros
229 2394 261 2453 in
281 2397 418 2470 quattuor
438 2394 555 2473 divisit,
577 2395 665 2471 inque
686 2399 822 2471 quartum
839 2413 924 2454 suum
940 2395 1132 2455 rebellantem

44 2498 168 2574 elegiam
196 2497 329 2574 conjecit.
370 2497 457 2558 Nova
484 2499 590 2559 divisio
611 2499 690 2575 apud
711 2497 873 2559 Germanos
894 2498 1035 2577 invaluit,
1056 2515 1132 2558 nuno

44 2597 236 2676 philologicae
256 2599 428 2660 eruditionis
449 2599 559 2676 primas
579 2603 728 2678 tenentes,
750 2600 889 2676 illamque
910 2599 1004 2660 Keilii
1025 2599 1131 2677 editio,

46 2701 73 2760 in
91 2703 205 2762 minuta
225 2700 387 2762 Teubnerii
414 2702 585 2762 collectione
605 2708 738 2782 recepta,
769 2704 878 2779 vulget.
913 2703 1052 2764 Attamen
1073 2721 1131 2762 non

46 2805 134 2865 solum
169 2823 223 2882 pro
258 2805 380 2866 arbitrio
414 2807 572 2867 constituta
606 2802 683 2885 est,
706 2807 758 2868 sed
789 2806 1004 2883 refragantibus
1034 2824 1131 2866 rerum

46 2907 170 2988 vicibus,
193 2924 317 2983 quarum
337 2907 491 2968 historiam
514 2908 640 2985 Opotlo'o
660 2914 767 2969 narrat.
790 2909 908 2970 Utinam
925 2909 1131 2970 Lachmannus

6 2995 7 3018 ¹
45 3012 170 3072 studium
190 3029 277 3072 suurn
294 3011 325 3072 in
342 3011 397 3072 hoc
413 3016 564 3090 navasset,
582 3016 615 3072 ut
632 3012 795 3088 legitimum
812 3013 843 3072 iu
859 3013 991 3073 ordinem
1001 3013 1131 3074 carmina

6 3183 7 3192 ,
46 3115 203 3192 digereret!
234 3134 268 3176 eo
300 3134 358 3192 quo
388 3116 518 3192 pollebat
548 3115 665 3190 ingenio
692 3133 863 3192 summaque
892 3116 1039 3194 doctrina,
1067 3135 1129 3177 rem

45 3219 173 3280 omnibus
200 3218 330 3280 numeris
360 3219 523 3279 absolutam
550 3217 721 3295 perfecisset
748 3219 931 3294 nominisque
958 3219 1130 3280 auctoritate

6 3315 7 3404 ᾖ
46 3321 249 3382 confirmatam.
536 3381 540 3392 ,

6 3407 7 3480 l
80 3425 144 3485 Hoc
170 3442 226 3500 ego
252 3424 353 3484 labore
380 3441 433 3499 pro
447 3423 560 3484 ,virium
580 3423 723 3484 tenuitate
744 3428 895 3503 suscepto,
916 3427 1079 3500 temporum
1101 3426 1130 3482 et

6 3531 7 3584 i
46 3525 182 3589 factorum
208 3526 401 3604 successioni,
428 3525 521 3586 veluti
549 3526 729 3587 inconcussis
749 3526 963 3604 fundamentis,
986 3525 1080 3585 institi
1101 3528 1130 3583 et

6 3631 7 3670 ἐ
47 3627 95 3690 boc
121 3630 296 3709 praesertim
321 3629 408 3690 modo
435 3629 467 3690 in
487 3630 620 3707 scopulos
639 3648 698 3690 non
718 3630 849 3691 ablatum
869 3631 907 3690 iri
933 3627 1128 3705 confidebam3

6 3761 7 3776 π
48 3749 109 3794 nam
119 3715 196 3810 puae
206 3732 280 3794 mihi
290 3733 397 3810 opponi
407 3737 559 3810 poterant,
581 3731 719 3810 adjuncta
729 3732 928 3794 tantammodo
939 3729 1128 3808 spectabunt,

6 3919 7 3956 l

6 3969 8 4012 l

6 4025 7 4062 l

6 4065 7 4102 l
