2640 4400
1066 397 1133 441 XXV

41 555 191 634 samara,
224 553 250 612 si
282 549 420 610 Tristiom
447 565 534 609 versu
561 547 669 627 fretus,
704 549 887 627 Propertium
906 552 1007 614 credat
1027 553 1133 617 Ovidio

40 663 138 718 aetate
156 655 368 733 antecessisse,
388 653 513 714 lubitum
531 653 558 713 ei
576 652 616 713 sit
633 654 772 730 temporis
790 655 918 732 spatium
936 675 954 716 a
970 661 1040 735 toga
1053 659 1132 718 virili

39 761 157 836 sumpta
183 757 223 817 ad
250 757 401 833 Lycinuae
430 773 544 816 amores
564 755 686 815 liberius
707 755 888 837 intelligere,
910 758 953 818 ita
972 763 1006 819 ut
1025 761 1133 822 Noster

39 865 107 922 ante
127 861 279 920 Nasonem
298 861 386 918 natus
407 858 462 936 sit,
483 857 565 917 velut
586 875 662 917 anno
682 855 805 936 DCCX,
827 863 857 919 et
877 858 1036 937 Cynthium
1057 864 1131 923 cele-

38 968 124 1026 brare
145 962 259 1040 ceperit
279 980 355 1022 anno
376 961 482 1021 aetatis
500 977 571 1020 suae
588 960 675 1020 tertio
693 963 723 1019 et
737 960 890 1041 vicesim03
903 967 1031 1024 coactam
1042 965 1132 1024 inter-

38 1067 231 1146 pretationem
243 1063 436 1140 Propertiana
446 1065 538 1122 verba
548 1079 637 1138 aegre
647 1063 805 1141 patientur,
816 1064 965 1140 patientur
971 1068 1085 1126 tamen:
1100 1067 1131 1126 id

38 1170 132 1230 solum
149 1168 264 1228 firmum
281 1169 435 1242 ratumque
452 1165 491 1224 sit
501 1164 596 1242 prima
606 1164 736 1224 carmina
746 1184 804 1226 non
814 1171 882 1226 ante
893 1185 940 1227 an.
952 1167 1130 1230 DCOXXXI

38 1272 214 1350 composita,
237 1274 267 1330 et
283 1269 390 1329 librum
409 1269 544 1328 Tertium
560 1286 619 1327 non
637 1272 704 1328 ante
722 1287 770 1328 an.
785 1267 1006 1331 DCOXXXVII
1016 1271 1130 1334 finitum

38 1377 136 1438 fuisse.
168 1375 234 1436 Hoc
253 1378 342 1450 caput
360 1373 404 1433 rei
426 1377 478 1434 est.

75 1478 234 1540 Corneliae
265 1478 429 1555 epicedion
460 1495 506 1537 an.
535 1475 772 1537 DCOXXXVIII
798 1477 992 1554 conscriptum
1018 1496 1072 1555 per
1097 1499 1129 1541 se

36 1587 133 1662 patet;
155 1601 225 1642 nam
246 1581 414 1660 Scipiadum
432 1579 494 1641 filia
510 1580 565 1642 hoc
582 1599 658 1641 anno
677 1580 810 1660 moritur,
828 1581 953 1642 Consule
963 1583 1129 1643 renuntiato

37 1686 68 1745 P.
99 1685 236 1746 Cornelio
268 1685 405 1763 Scipione
435 1684 533 1745 fratre.
575 1685 681 1761 Elegia
707 1703 782 1762 quae
809 1655 932 1763 puerum
957 1685 1128 1747 Marcellum

36 1791 119 1865 aquis
148 1788 271 1866 Bajanis
298 1789 484 1864 absumptum
512 1786 632 1847 deflevit
660 1785 721 1868 (an.
749 1785 939 1869 Dccxxxr)
971 1790 1128 1851 amatorios

36 1894 135 1969 elegos
156 1892 320 1970 antecedit3
342 1895 412 1968 post
433 1890 587 1951 Corneliae
608 1890 719 1951 obitum
740 1891 826 1951 Musa
842 1892 1034 1969 Propertiana
1051 1894 1127 1956 silet.

6 2007 7 2012 ’
37 1996 156 2056 lnitium
177 1999 207 2054 et
228 1993 316 2054 finem
336 1994 497 2054 carminum
519 1994 557 2054 ab
578 1993 742 2054 immaturis
761 1993 831 2054 fatis
851 1999 936 2054 vates
955 1995 1041 2074 feeit,
1060 2014 1127 2057 mox

37 2099 96 2174 ipse
118 2099 325 2176 quoqueante
346 2096 506 2157 confectam
527 2101 653 2157 aetatem
674 2098 736 2157 vita
756 2115 899 2158 cessurus.

73 2202 108 2261 ln
140 2200 291 2261 veteribus
319 2198 476 2261 Oodicibus
503 2201 614 2277 primus
642 2200 718 2260 liber
748 2184 917 2260 inscribitur
943 2201 1127 2263 Monodidlos.

38 2306 225 2382 Disputatum
252 2304 308 2364 fuit
332 2308 428 2364 utrum
448 2304 517 2365 huic
538 2309 651 2364 tantum
672 2304 775 2365 titulus
795 2306 991 2367 asservandus
1013 2307 1066 2387 sit,
1088 2326 1127 2368 an

6 2439 7 2494 3
38 2410 127 2470 tribus
149 2409 201 2486 qui
221 2409 315 2468 veluti
334 2412 427 2469 totum
448 2409 595 2486 quoddam
616 2408 758 2486 efficiunt,
784 2409 867 2487 cujus
887 2408 1017 2486 cynthia
1037 2430 1126 2472 unum

6 2547 7 2552 κ
38 2519 64 2571 et
82 2517 258 2591 perpetuum
279 2512 318 2572 sit
338 2516 550 2588 argumentum.
588 2511 709 2588 Lipsius
730 2511 866 2589 opinatur
886 2510 996 2586 Quarto
1017 2515 1126 2591 elegia·

6 2587 7 2610 Χ
37 2635 95 2676 rum
123 2617 199 2678 libro
227 2617 398 2695 convenire,
426 2635 484 2676 non
514 2615 674 2692 Cynthiae:
707 2615 868 2675 Beroaldus
893 2616 1043 2677 existimat
1067 2636 1125 2677 non

6 2719 7 2722 ’
37 2720 213 2800 Propertio,'
232 2721 285 2782 sed
317 2720 506 2797 grammatico
538 2719 655 2780 cuidam
684 2707 853 2796 posterioris
881 2720 987 2780 aetatis
1015 2720 1125 2781 deberi.

38 2825 163 2903 Tempus
174 2822 383 2885 insolubilibus
393 2823 474 2884 hisce
486 2824 517 2883 in
532 2822 779 2900 quaestiunculis,
797 2840 873 2899 quae
884 2822 926 2881 nil
936 2822 1020 2882 bonis
1031 2823 1125 2884 literis

38 2927 197 3006 conferunt,
225 2926 334 2988 frustm
356 2929 528 3008 conteritur;
554 2928 676 2989 monebo
702 2932 800 2988 tamen
821 2927 943 2987 Latinos
961 2927 1044 2987 libris
1063 2927 1124 2988 suis

39 3028 161 3092 Graecos
180 3031 283 3091 titulos
297 3030 416 3107 saepius
431 3031 631 3109 inscripsisse,
648 3048 683 3090 ac
698 3030 881 3106 Propertium
896 3028 1028 3090 fibellum
1040 3047 1124 3091 suum

39 3132 214 3194 lioootidloo
244 3131 343 3193 forsan
373 3133 503 3212 dixisse,
536 3133 773 3211 quandoquidem
801 3152 820 3192 a
846 3131 975 3209 Cynthia
998 3134 1124 3212 rejectus

40 3233 191 3310 Cynthium
207 3236 238 3295 in
252 3240 400 3314 posterum
416 3255 448 3296 sc
463 3254 612 3313 nunquam
632 3233 846 3296 celebraturum
869 3236 1016 3297 credebat.
1047 3237 1124 3299 Pace

40 3343 190 3419 renovata,
218 3339 328 3400 additis
354 3340 447 3401 altero
469 3343 498 3400 et
519 3341 622 3418 tertio,
654 3357 758 3399 nomen
779 3340 939 3416 permansit
960 3340 1124 3416 argumenti

6 3445 7 3516 j
41 3445 137 3518 gratia.
159 3440 260 3502 Codex
277 3442 511 3519 Hamburgcnsis
529 3445 596 3518 post
612 3442 747 3502 ultimam
764 3442 890 3518 elegiam
905 3443 1002 3502 Tertii
1018 3442 1123 3503 habet:

6 3551 8 3630 i
43 3541 180 3622 Propertii
202 3544 315 3604 Aureli-i
334 3551 441 3605 ocutos
461 3544 637 3604 Mooobc‘bloc
660 3544 732 3604 liber
753 3543 803 3602 ΙΙΙ
821 3543 947 3622 eaptioit.

6 3631 7 3636 ἵ
75 3650 133 3726 Qui
154 3655 222 3713 ante
244 3671 352 3714 annum
372 3651 522 3713 Dcuxlv
542 3653 671 3713 natalem
692 3653 838 3731 Propertii
859 3655 1000 3715 collocant
1021 3653 1071 3734 (ne
1093 3655 1123 3713 in

43 3754 233 3816 testimonium
265 3756 379 3832 elegiae
407 3756 444 3814 de
473 3753 605 3831 Lycinna
632 3754 725 3814 veluti
749 3755 779 3815 in
800 3757 950 3834 scopulum
970 3754 1122 3834 allidant),
