2624 4398
562 339 599 395 31

65 512 109 565 28.
143 511 204 563 Post
218 512 281 562 hune
297 526 392 562 vasum
408 511 434 562 iu
451 511 526 562 Gold.
543 509 649 576 sequitur
664 508 795 562 ffiehou:
871 551 874 558 .

214 647 222 657 ,
283 594 332 644 Hie
349 593 407 644 olim
422 593 517 659 ignaros
533 591 612 644 luetue
628 592 752 660 populavit
767 591 883 651 Achivos,

315 676 413 726 Atridae
428 691 513 741 magno
530 691 585 726 eum
601 675 669 726 stetit
685 675 745 726 alter
762 691 835 725 amor.

66 760 100 810 In
120 760 172 811 loeo
194 775 242 810 uon
264 775 314 809 esse
336 777 378 810 suo
401 760 490 826 optime
511 759 585 809 sensit
606 759 723 824 Sealiger,
745 759 811 824 eique
828 757 899 807 uliam
915 756 992 806 sedem
1009 754 1131 821 quaesirIt.

38 842 208 909 Interpolatruu
236 842 316 909 potius
337 842 491 907 judicandum
521 845 564 892 est.
599 841 630 891 Iu
659 841 766 907 margine
789 840 875 892 oetefia
903 839 989 890 oodioie
1014 838 1132 903 quondam

38 928 159 975 confictum
173 926 203 975 ud
216 924 304 990 ingenii
317 924 520 982 exercitationem,
534 924 560 974 iu
574 927 726 983 mutuatum,
740 922 856 974 mutantia
864 923 1013 982 aveamus,
1022 921 1131 988 irrepsit,

37 1007 182 1059 librariorum
197 1007 300 1058 inscitia.

65 1098 107 1148 30.
140 1097 216 1148 eodo„
232 1097 327 1148 animae
342 1102 407 1148 tuae.
425 1096 479 1147 Viri
494 1081 558 1147 doeti
575 1100 729 1148 oonexerunt
743 1113 808 1148 auae.

64 1187 106 1236 32.
140 1185 214 1238 coda
234 1187 288 1242 Quo
304 1187 402 1238 &aulae
418 1187 502 1238 vietor.
520 1186 619 1251 Adjeeta
635 1186 720 1238 souma
734 1182 1131 1246 haeaalibrariislorsauemiesa,

42 1269 159 1334 perspicua
176 1270 204 1318 fit
220 1269 347 1320 mutantia:
365 1271 399 1320 At
415 1269 472 1329 tibi,
488 1269 595 1329 Chaon,
611 1268 742 1336 portabunt
755 1271 849 1320 tantum
862 1283 947 1334 eorpus
961 1268 1030 1318 inane
1042 1267 1133 1318 animae

40 1366 97 1410 suaa
114 1352 170 1400 haee
187 1351 213 1400 in
230 1351 322 1402 eoelum
338 1352 410 1412 abiIt,
427 1368 473 1417 quo
487 1352 539 1417 jam
557 1352 669 1402 Claudius
686 1351 815 1402 Marcellus
832 1354 856 1402 ot
871 1349 950 1402 Julius
958 1351 1050 1401 Caesar.
1068 1350 1131 1398 Nam

41 1432 147 1483 Oetavioe
162 1431 227 1483 filius
242 1433 269 1484 in
284 1433 374 1485 Juliem
389 1435 503 1485 lumiliam
519 1435 644 1500 adoptatus
660 1436 744 1486 lueret.

374 1639 651 1708 athela
695 1639 788 1708 XIX.

455 1774 511 1824 1)Ιὶ
531 1775 701 1834 Paterno.

265 1870 348 1934 (Cold.
365 1871 410 1930 21,
429 1871 512 1922 Burm.
531 1871 576 1931 17,
595 1873 637 1931 II;
655 1872 751 1922 Leehm.
771 1873 816 1931 13,
834 1871 896 1933 ΙΙΙ.)

69 1997 163 2061 Legitur
179 1996 205 2046 in
221 1995 327 2047 Secundo
344 1997 416 2048 Libro
432 2001 486 2048 ante
504 1997 573 2058 XII,
591 1997 658 2048 XIII
675 2002 699 2048 et
716 1997 785 2049 XIV,
820 1997 971 2048 Oontramom
988 1995 1097 2046 admonet

98 2094 179 2127 versus
201 2078 242 2128 20.
277 2079 328 2129 Isto
351 2081 464 2145 repertur
485 2079 605 2140 Panthus,
628 2081 670 2146 qui
691 2081 757 2131 nillil
777 2081 849 2131 aliud
863 2098 933 2146 fflom
948 2079 1051 2145 plemam
1067 2081 1098 2130 da

100 2160 205 2223 Cynthia
221 2161 328 2225 quaerit,
345 2163 385 2226 qui
401 2161 528 2212 versiculos
546 2163 637 2223 condit,
655 2163 696 2229 qui
712 2180 809 2214 uxorem
826 2162 910 2222 habet,
927 2163 987 2213 idem
1005 2162 1098 2212 videtur

97 2258 167 2307 quem
184 2242 280 2292 vellicat
295 2242 368 2308 elegia
385 2245 415 2294 X.

150 2375 192 2436 At
212 2381 354 2453 quantum
374 2378 412 2440 (lo
432 2395 479 2438 me
499 2379 610 2440 Panthi
630 2379 687 2440 tibi
706 2378 817 2456 pagina
836 2378 937 2458 finxit,

193 2478 323 2540 Tantum
343 2479 389 2538 illi
409 2478 524 2540 Pantho
545 2497 583 2540 ne
604 2481 644 2541 sIt
664 2481 761 2541 amiea
780 2481 896 2542 Venus!

153 2579 213 2642 Sed
233 2580 290 2641 tihi
310 2581 369 2652 iam
389 2581 492 2643 videor
511 2581 635 2643 Dodona
654 2583 752 2644 verior
772 2583 889 2660 augur?

195 2682 324 2744 Uxorem
344 2683 395 2743 ille
415 2688 483 2745 tuus
503 2684 626 2760 pulcher
645 2688 758 2746 amator
777 2684 877 2746 habet.

155 2784 214 2846 Tot
234 2789 334 2847 noetoe
354 2786 483 2864 perierat
503 2787 579 2848 nihil
598 2787 712 2866 pudet?
734 2789 850 2867 aspice,
871 2791 971 2849 oantat
1111 2787 1130 2847 5

197 2871 305 2951 Liher:
326 2894 358 2950 tu
378 2891 500 2953 nimium
520 2891 640 2954 credula
660 2895 723 2954 sola
738 2892 832 2971 jaree-

155 2991 195 3053 ht
215 3011 293 3054 nune
313 2993 390 3054 iuter
410 3011 460 3055 eos
479 2999 513 3054 tu
533 3013 628 3056 sermo
649 3013 697 3076 es3
718 3000 748 3056 te
770 2997 821 3056 ille
841 2995 984 3073 superbus

196 3097 278 3157 Dieit
297 3115 330 3158 ee
351 3097 444 3158 invito
464 3115 553 3175 saepe
573 3098 664 3160 fuisse
685 3099 774 3160 domi.

157 3197 330 3276 Dispeream
351 3199 377 3260 si
398 3200 558 3277 quidquam
579 3202 661 3262 aliud
681 3220 771 3278 quam
790 3201 885 3279 gloria
906 3199 943 3260 de
964 3205 994 3261 te

196 3300 369 3376 Quaeritur:
390 3303 445 3364 has
466 3304 569 3365 laudes
590 3306 642 3366 ille
662 3307 785 3367 maritus
806 3305 907 3367 habet
1093 3306 1132 3362 10

157 3402 298 3465 Colchida
316 3407 360 3468 sio
380 3406 488 3485 hospes
508 3409 655 3484 quondam
675 3411 793 3488 deeepit
813 3411 916 3471 Iason:

197 3509 301 3587 Ejeeta
321 3514 381 3571 est:
401 3511 496 3572 tenuit
516 3530 643 3588 namque
664 3510 774 3573 Orehea
794 3513 920 3573 domum.

159 3608 206 3671 Sic
226 3631 245 3674 a
265 3613 402 3674 Dulichio
417 3615 529 3693 juvene
550 3620 595 3676 ost
616 3617 698 3677 elusa
718 3615 861 3694 Calypso:

198 3714 281 3775 Vidit
300 3720 460 3778 amatorem
480 3717 610 3796 pandere
631 3720 698 3779 vela
718 3735 812 3779 suum.
