2624 4398
540 338 598 398 129

394 542 672 613 nlucln.
712 547 752 614 V.

421 695 473 744 ΑΒ
492 694 721 746 ΗΘΜΙΙῙΙ.

271 807 355 871 (codd.
373 807 403 869 b,
420 810 504 860 Burm.
521 811 551 870 4,
570 810 628 870 111;
645 809 744 860 Lachm.
760 807 792 870 b,
809 809 866 872 lu.)

139 933 197 994 Dic
217 932 292 994 mihi
312 934 350 996 de
370 939 487 1015 nostra,
508 954 586 1015 quac
607 938 717 1016 sentis,
738 953 811 998 vera
830 935 949 1014 puella:

181 1039 231 1099 Sic
251 1040 307 1100 tibi
326 1041 387 1101 sint
406 1040 558 1119 deminae,
579 1040 750 1120 Lygdame,
771 1041 873 1102 demta
886 1040 973 1120 juga.

139 1144 220 1204 Num
240 1161 288 1204 me
307 1143 423 1204 laetitia
442 1141 633 1204 tumefactum
652 1143 733 1204 fallis
753 1143 852 1222 inani,

180 1245 264 1306 Haec
283 1245 431 1324 referens,
451 1262 529 1323 quae
547 1262 596 1306 me
615 1245 735 1306 credere
755 1245 834 1306 velle
854 1245 967 1322 putas?

138 1349 227 1409 Nunc
246 1347 320 1410 mibi
340 1348 367 1409 si
387 1365 448 1426 qua
466 1353 565 1428 tenes,
587 1349 625 1410 ab
644 1348 759 1426 origine
779 1347 879 1410 dicere
898 1346 997 1426 prima
1097 1349 1117 1409 5

179 1451 295 1531 Incipe;
317 1450 468 1527 suspensis
489 1449 611 1511 auribus
631 1449 691 1510 isla
709 1450 821 1511 bibam.

135 1555 253 1616 Siccine
273 1572 339 1615 earn
359 1554 515 1631 incomptis
535 1553 639 1614 vidisti
659 1553 731 1613 flere
751 1552 897 1630 capillis?

178 1658 263 1719 Illius
283 1676 322 1718 ex
341 1657 433 1718 oculis
454 1658 548 1718 multa
568 1656 694 1719 cadebat
714 1657 818 1734 aqua?

136 1763 203 1824 Nec
222 1762 373 1840 speculum
393 1763 484 1822 strato
504 1759 623 1840 vidisti,
644 1759 816 1840 Lygdame,
837 1760 939 1824 lecto?

178 1864 311 1928 Ornabat
330 1865 433 1926 niveas
453 1866 573 1926 nullane
593 1882 710 1941 gemma
729 1863 859 1924 manus?
1074 1866 1113 1926 10

137 1968 183 2028 Ac
203 1972 345 2029 moestam
364 1968 474 2030 teneris
494 1970 609 2028 vestem
627 1967 758 2044 pendere
777 1966 899 2029 lacertis

177 2070 349 2148 Scriniaque
370 2071 409 2132 ad
428 2071 499 2132 lecti
520 2071 622 2130 clausa
636 2070 738 2149 jacere
758 2068 875 2146 pedes?
1028 2143 1030 2148 ,

136 2173 248 2236 'Ibistis
268 2179 332 2236 erat
351 2174 454 2236 domus
476 2178 506 2236 et
526 2173 626 2234 tristes
646 2190 702 2234 sua
721 2190 815 2250 pensa
834 2172 988 2236 ministras

176 2274 359 2357 Carpebant,
379 2277 477 2339 medic
496 2276 587 2338 nebat
606 2279 637 2336 ct
657 2276 724 2352 ipsa
743 2274 833 2336 lece?

135 2379 324 2458 Humidnque
344 2380 488 2457 impressa
506 2379 637 2440 siccabat
656 2378 771 2438 lumina
789 2377 885 2439 lana?
1074 2380 1130 2442 15¹

175 2481 289 2543 Retulit
309 2486 340 2543 et
359 2482 481 2559 querulo
496 2480 598 2559 jurgia
618 2484 719 2540 nostra
739 2479 835 2542 sono?

138 2584 245 2660 „Hace
264 2588 295 2646 te
316 2588 390 2645 teste
410 2583 484 2644 milri
503 2583 650 2661 premissa
669 2588 731 2662 cst,
751 2582 926 2664 Lygdame,
947 2584 1085 2648 merces?
1129 2649 1132 2659 ,

178 2687 257 2764 „Est
276 2705 390 2766 poenae
411 2705 496 2750 serve
515 2705 651 2766 rumpere
671 2691 747 2750 teste
768 2687 866 2749 fidem.

138 2790 217 2870 „Ille
239 2795 336 2868 potest
355 2791 436 2851 nullo
456 2790 594 2851 miseram
614 2808 662 2851 me
682 2789 818 2866 linquere
838 2789 941 2851 lacto?

178 2892 300 2972 „Atque
320 2894 425 2972 aliam,
446 2895 592 2970 nequam!
614 2892 713 2953 dicere
733 2891 844 2953 habere
865 2893 969 2956 dorni?
1071 2897 1112 2957 20

138 2995 279 3072 „Gaudet
299 3014 346 3057 me
366 3014 459 3058 vacue
479 2997 573 3068 sclam
593 2997 745 3057 tabescere
766 2995 868 3057 lecto?

177 3099 235 3175 „Si
254 3100 368 3180 placet,
389 3099 526 3178 insultet,
547 3099 716 3178 Lygdame‚
737 3103 829 3160 morte
850 3118 927 3162 mea.

137 3205 226 3279 „Non
246 3219 293 3263 mc
313 3203 443 3264 moribus
463 3203 533 3281 illa,
553 3203 607 3264 sed
627 3202 727 3264 herbis
747 3202 883 3280 imprcba
902 3202 1008 3264 vicitr·

178 3306 356 3383 „Staminea
374 3306 489 3368 rhombi
509 3306 626 3368 ducitur
646 3307 699 3368 ille
718 3310 794 3368 rota.

138 3410 250 3485 „illum
270 3411 415 3487 turgentis
435 3428 525 3471 ranae
545 3414 681 3488 portenta
700 3412 844 3490 rubetae,
1070 3410 1111 3472 25

177 3513 240 3589 „Et
259 3515 338 3574 lecta
359 3516 485 3577 exsectis
505 3515 654 3592 unguibus
674 3533 743 3576 cssa
762 3512 900 3593 trahunt,

137 3617 201 3693 „ut
221 3617 322 3695 strigis
342 3618 481 3681 inventae
501 3636 555 3695 per
574 3618 663 3679 busta
678 3617 812 3696 jacentia
830 3617 969 3696 plumae,

176 3719 364 3799 „Cinctaque
384 3722 500 3784 funeste
520 3723 607 3784 lanea
626 3721 703 3784 vitta
723 3724 796 3783 tore.

996 3820 1012 3870 9
