2642 4396
558 362 615 422 187

26 513 100 576 gitat.
128 513 230 576 Repoeui
247 513 313 562 June.
339 511 446 570 Hamus,
472 512 562 570 Inieri;
583 512 618 561 ita
634 511 673 562 al.
691 511 743 562 Lib.
762 511 835 562 Prim.
858 511 935 562 Tellus
952 513 997 562 hoc
1012 512 1050 562 ite
1059 512 1133 577 jueta

26 595 105 644 emat.

63 684 106 734 71.
144 683 250 733 Moribus
271 689 295 733 ct
312 683 397 749 patuit
418 687 519 737 caelum.
554 686 615 735 Hor.
641 687 720 735 Germ.
744 685 802 744 111,
821 685 866 734 212
896 685 990 742 Virtus,
1008 683 1132 733 recludetur

26 765 155 815 immeritae
172 766 233 814 mori
248 768 348 815 caelum.
384 767 467 816 Cicero
483 766 512 817 de
524 767 596 831 justis
612 768 674 816 idem
691 771 822 818 confirmet.
847 796 881 805 -
905 765 979 816 Codd.
996 765 1041 816 riae
1057 766 1132 830 ὤμω

26 849 149 898 mecm.
175 847 278 914 Reposui
294 865 354 898 rem.
381 847 490 898 Comelie
507 854 637 910 asseverat,
656 864 702 900 non
719 853 802 916 optet,
820 850 906 916 qnippe
922 848 985 899 uitae
1001 847 1131 914 praemium

22 933 77 996 jam
95 931 203 981 retudisse
219 931 279 980 dixit
295 947 320 980 v.
337 932 464 997 superiore.

62 1021 104 1070 72.
139 1021 212 1072 Oodd.
230 1022 307 1086 aqud.
335 1021 447 1072 Heinsius
465 1022 567 1072 correxit
583 1023 642 1072 acic.

64 1109 107 1158 75.
141 1110 215 1161 Codd.
232 1112 278 1161 illa
294 1127 397 1161 numm
413 1115 456 1161 ete.
474 1112 541 1162 liberi
557 1113 603 1162 mei
620 1129 698 1162 omnee
716 1118 772 1163 eunt
788 1113 875 1163 ferendi
892 1112 951 1162 collo
968 1116 1023 1170 tuo;
1041 1112 1066 1161 in
1084 1126 1130 1177 que

27 1191 133 1256 imagine
149 1193 235 1258 aliquid
252 1195 272 1242 ei
289 1210 335 1243 aon
352 1194 457 1254 ridiculi,
475 1210 531 1243 eane
546 1194 679 1244 inconcinni
696 1195 772 1254 inest,
787 1195 882 1261 jamque
890 1195 1067 1261 Peerlkempine
1076 1211 1128 1245 cor·

27 1278 124 1324 rexerat
139 1276 164 1324 in
180 1291 204 1326 v.
221 1276 310 1326 minore
326 1277 394 1326 cordi
410 1293 454 1344 pro
470 1280 540 1328 collo.
557 1277 707 1328 Praeclarum
723 1277 783 1328 milri
799 1278 975 1328 hurumieeimie
992 1279 1040 1328 euie
1052 1278 1129 1328 litori·

28 1358 217 1408 emendationem
239 1359 347 1424 praebuit
368 1361 476 1410 Boetius:
502 1361 548 1410 ina
572 1377 691 1419 mamm,
708 1361 733 1410 id
749 1365 785 1410 eet
801 1361 901 1421 viciam,
918 1376 1027 1410 curarum
1043 1361 1127 1410 inatrie

28 1441 157 1506 abreptae,
174 1439 258 1505 quibus
274 1443 361 1491 manto
377 1442 520 1508 fungendum
537 1447 595 1492 erat.

63 1531 107 1579 82.
140 1530 213 1582 Godd.
230 1533 327 1582 reddita
342 1533 442 1583 comnia.
459 1534 573 1583 Graevius
589 1533 692 1584 malebat
709 1533 810 1583 credita.

63 1621 105 1670 93.
140 1622 212 1672 Codd
233 1623 322 1674 reatin
342 1630 467 1675 emnam.
502 1625 586 1673 Critiei
610 1623 759 1687 conjecerunt
781 1624 871 1682 lenire,
890 1623 981 1672 munire
997 1626 1054 1681 cte,
1073 1622 1128 1688 quia

29 1704 94 1753 haud
115 1705 181 1754 facile
203 1705 333 1772 explicatum
348 1707 436 1756 centho
451 1712 577 1756 umectum.
611 1707 707 1755 Mutata
722 1705 871 1756 distinctione
887 1705 1027 1763 verborum,
1046 1703 1125 1754 Peerl-

29 1786 137 1852 kampiue
152 1787 230 1836 lecina
245 1787 374 1838 illustravit
392 1788 488 1838 Discite
503 1795 627 1838 emturum
637 1791 694 1853 jam
711 1805 774 1838 nunc
786 1789 1000 1840 :moecenatem
1010 1788 1123 1846 Coclitis,

29 1871 65 1917 ud
81 1886 162 1919 curam
178 1887 222 1920 nec
237 1876 304 1920 vacet
320 1873 373 1920 ulla
389 1871 447 1920 dice.
465 1873 539 1920 Senex
556 1870 659 1920 nondum
669 1870 839 1930 eratPaullue,
852 1869 998 1920 eedcoelcbe.
1016 1870 1124 1919 Cornelia

30 1951 76 2000 ait:
94 1951 162 2000 liberi
174 1951 226 2014 jam
242 1968 304 2001 nunc
321 1953 422 2003 sentiant
439 1970 509 2020 quem
526 1955 597 2004 mirer
613 1956 692 2004 futura
710 1954 742 2003 eit
758 1954 808 2003 vita
825 1954 885 2003 eenie
901 1953 1005 2003 coelibis.

64 2041 105 2090 95.
140 2041 211 2090 Codd.
236 2047 263 2092 tu
284 2044 398 2108 specimen
421 2050 487 2094 nata.
523 2044 634 2094 Heinsius
658 2060 711 2094 vere
733 2045 836 2094 correxit
857 2049 940 2106 nupta.
974 2045 1030 2093 Non
1053 2043 1125 2092 filiam

32 2123 146 2182 nubilem,
162 2123 201 2173 sed
218 2127 315 2191 nuptam
332 2142 425 2176 monere
441 2127 568 2193 potuisset,
586 2132 613 2177 ut
629 2128 720 2180 univira
736 2131 804 2179 esset.
828 2127 888 2178 Filia
904 2129 945 2184 tu,
963 2126 1019 2176 olim
1035 2131 1125 2191 nupta,

32 2207 49 2254 si
68 2206 186 2272 uupeerie,
203 2207 235 2256 eie
251 2209 370 2273 specimen
384 2226 492 2260 censurae
508 2214 618 2276 pateruae
634 2214 657 2260 et
675 2210 772 2260 univira.

65 2295 104 2344 96.
139 2295 273 2346 Dietiohum
289 2297 377 2347 addunt
394 2299 468 2348 Codd.

280 2379 312 2428 nt
328 2381 388 2429 serie
402 2381 483 2432 fidcite
498 2397 585 2447 genum
602 2383 662 2431 mihi
678 2381 762 2448 cymba
779 2381 866 2430 volenti

311 2461 428 2522 Solvitau,
446 2464 549 2513 euctufis
565 2466 603 2513 tot
618 2480 670 2512 mee
686 2465 735 2512 ieta
751 2462 826 2512 malie.

35 2541 122 2591 l'nleire
138 2557 210 2606 genua
226 2543 300 2602 serie,
325 2548 384 2609 puta
404 2550 527 2609 nepotum,
551 2546 649 2604 sobolis,
676 2545 776 2596 imolen·
799 2546 843 2593 eet.
878 2545 1027 2594 Pentametcr
1043 2545 1125 2595 abeur-

31 2624 78 2674 due.
112 2626 202 2691 Reapee
223 2629 348 2692 postquem
371 2629 507 2692 dumetum
531 2627 678 2688 laudaverat,
703 2627 810 2678 Cornelia
832 2641 962 2676 memorare
984 2642 1031 2676 non
1049 2627 1126 2693 potuit

33 2711 66 2755 tot
86 2707 148 2756 mala
169 2707 214 2757 eibi
236 2707 266 2757 ab
286 2711 395 2774 Augusto
416 2709 494 2762 illata:
519 2711 634 2778 Lepidum
651 2711 810 2760 Triumvirum
827 2724 934 2760 socerum
951 2707 1128 2776 proscriptum,

31 2788 171 2838 Scriboniam
193 2793 293 2840 matram
316 2791 467 2858 repudiatam.
494 2793 657 2842 Lachmannus
674 2792 789 2842 correxit:
813 2791 929 2841 Λικιννία
945 2797 981 2840 tot
997 2807 1049 2840 acea
1061 2791 1125 2856 sata

33 2872 97 2929 meis,
123 2875 149 2921 ut
175 2872 284 2922 Cornelia
307 2889 331 2922 ee
353 2872 451 2923 libenter
474 2875 534 2923 mori
557 2875 658 2923 fateatur
680 2876 777 2939 propter
799 2872 901 2939 amplam
918 2875 1028 2938 nepotum
1051 2888 1124 2937 apem.

34 2954 125 3018 Optime
138 2956 256 3020 profecto:
274 2955 327 3012 eod,
346 2957 425 3005 monet
441 2956 608 3022 Koppiereins,
625 2956 680 3021 quid
695 2953 826 3014 Corneliae,
844 2969 902 3020 quee
916 2954 966 3018 jam
974 2953 1125 3019 premebatur
1217 3021 1219 3025 v

34 3034 135 3085 Plutonia
151 3037 263 3102 imperio,
281 3035 337 3101 quid
353 3036 389 3086 illi
405 3053 467 3088 nunc
484 3053 537 3088 cum
556 3036 681 3087 Charontie
699 3035 799 3101 cymba?
833 3035 899 3086 Adde
916 3035 1026 3086 laminam
1043 3035 1125 3085 aetatis

34 3117 98 3176 flore,
114 3122 214 3168 matrem
230 3121 278 3168 tree
293 3119 411 3169 adamatos
424 3118 510 3170 liberae
527 3119 707 3178 desiderantem,
731 3135 827 3169 uxorem
842 3117 968 3168 demerito
985 3116 1123 3176 sollicitam,

35 3215 76 3248 nou
93 3202 151 3251 mori
169 3204 291 3252 cohortem.
309 3201 362 3251 leta
379 3217 432 3250 cum
448 3202 494 3261 iie,
511 3203 611 3268 quaein
628 3202 730 3251 carmine
746 3201 903 3268 praecedunt,
920 3200 1039 3265 pugnant,
1057 3202 1123 3248 eunt·

36 3298 75 3345 que
91 3283 119 3332 ab
135 3284 237 3333 humane
254 3292 339 3334 notura
355 3283 437 3334 aliene.
463 3285 552 3334 Verane
569 3283 699 3333 inconditos
716 3284 825 3350 expunxi.

440 3545 688 3554 μ*
