2624 4398
721 348 762 410 54

314 524 447 603 Eripitur
464 524 550 587 nobis
565 524 630 603 jani
649 524 765 603 pridem
785 541 854 585 ears
873 525 991 605 puella,

353 627 394 687 nt
412 631 446 688 tn
464 644 513 688 me
532 628 669 688 lacrimas
688 627 827 706 fundere,
848 628 958 707 amieo,
978 629 1089 690 vetas?

312 732 437 792 Possum
458 749 513 808 ego
532 732 565 790 in
584 732 706 793 alterius
725 732 852 808 positam
872 737 1005 808 spectare
1025 734 1166 796 lacerto?

351 835 416 896 Neo
435 854 502 897 mea
521 835 651 914 dioetur,
672 852 751 912 quae
769 835 857 896 modo
876 836 957 896 diets
976 854 1044 898 mea
1063 837 1138 898 est?

311 939 420 1000 Nullae
440 943 509 1000 sunt
528 939 722 1016 inimicitiae,
742 938 801 998 nisi
822 939 930 999 amoris
950 940 1091 1001 acerbae:

351 1043 451 1121 Ipsum
471 1061 519 1105 me
534 1044 655 1122 jugula,
676 1043 770 1103 lenior
790 1041 885 1104 hostis
906 1060 964 1103 ero.

312 1146 368 1207 Ille
388 1148 479 1206 etiam
498 1147 621 1223 abrepta
640 1146 775 1206 desertus
796 1145 922 1222 oonjuge
943 1144 1077 1206 Achilles

353 1248 478 1311 Cessare
497 1250 530 1308 in
548 1248 635 1309 tontis
655 1247 778 1325 pertulit
798 1266 880 1307 arma
901 1265 965 1308 sua

313 1351 437 1411 Viderat
456 1353 508 1412 ille
527 1350 628 1429 fugas,
648 1355 758 1410 traotos
777 1348 810 1408 in
829 1351 919 1410 litora
938 1350 1085 1430 Achivos,

351 1455 480 1515 Fervero
500 1456 532 1513 et
549 1453 697 1514 Hectorea
716 1451 824 1512 Dorioa
844 1457 941 1512 eastra
960 1453 1040 1533 faee3

310 1555 435 1616 Viderat
454 1553 605 1615 informem
625 1555 718 1614 multa
737 1554 894 1614 Patroclon
914 1574 1006 1616 arena

349 1659 519 1720 Porreotum
540 1661 570 1718 et
589 1675 707 1734 sparsas
727 1657 819 1719 oaede
834 1658 936 1736 jaoere
957 1677 1071 1720 oomas:

311 1760 418 1824 Omnia
436 1761 591 1842 formosam
610 1763 730 1838 propter
749 1761 887 1822 Briseida
903 1779 1020 1840 passus.

348 1866 464 1926 Tantus
484 1865 516 1925 in
535 1869 635 1941 erepto
655 1864 751 1923 saevit
771 1882 869 1925 amore
890 1865 987 1926 dolor!

310 1966 351 2029 At
370 1973 525 2045 postquam
546 1985 612 2029 sera
632 1967 751 2044 captiva
771 1972 817 2029 est
836 1969 954 2029 reddita
973 1988 1084 2049 poena,

347 2071 468 2133 Fortem
488 2073 571 2132 illum
590 2071 762 2132 Haemoniis
782 2072 912 2133 Heotora
932 2075 1024 2134 traxit
1044 2075 1139 2152 equis.
1247 2080 1277 2136 20

307 2173 431 2235 Inferior
451 2177 542 2236 multo
562 2195 628 2236 oum
648 2175 704 2235 sim
723 2176 773 2236 vel
793 2179 888 2236 matre
907 2178 957 2236 vel
977 2177 1085 2255 armis,

348 2275 470 2359 Mirum,
491 2279 517 2338 si
538 2279 575 2338 de
595 2295 642 2338 me
658 2277 726 2356 juro
746 2277 908 2354 triumphat
929 2278 1044 2341 Amor?

233 2392 258 2441 4
294 2393 366 2443 Codd.
389 2399 520 2455 moenem
542 2397 646 2462 Scaliger
668 2395 798 2446 emendavit
819 2400 942 2447 stamar.
976 2399 1066 2450 Deinde
1091 2401 1167 2452 Oodd.
1186 2405 1276 2467 quatuor

183 2474 276 2540 spanos
292 2491 372 2525 versus
388 2478 503 2528 referiunt:

402 2560 503 2608 Munere
519 2562 606 2624 quantu
621 2559 685 2618 dedi,
701 2559 740 2608 vel
756 2559 835 2624 qualis
851 2560 955 2610 carmina
971 2561 1030 2611 feei!

438 2639 484 2689 Ille
499 2642 578 2689 tumen
593 2657 712 2706 nnnquem
728 2643 803 2691 terrea
818 2642 889 2691 dixit:
906 2645 975 2694 Amo.

403 2720 467 2786 Ergo
484 2738 527 2788 ego
543 2726 593 2773 tam
608 2723 695 2773 multos
711 2723 811 2773 nimium
827 2725 963 2775 temerarius
980 2740 1065 2785 annos,

439 2803 564 2870 Improba,
582 2805 621 2869 qui
636 2805 731 2855 tulerim
747 2810 815 2871 teque
831 2810 941 2872 tuamque
956 2807 1068 2858 domum?

191 2882 317 2947 cynthiam
334 2899 380 2933 non
397 2900 488 2952 semper
503 2888 601 2936 ferream
617 2888 687 2938 fuisse
703 2891 772 2954 atque
788 2905 835 2938 non
852 2890 922 2938 semel
936 2891 1059 2956 Propertio
1069 2890 1155 2942 dixisse
1167 2895 1272 2948 aelmon,

189 2964 258 3014 focile
275 2964 393 3030 colligitur
411 2981 439 3016 ex
456 2969 485 3017 iis
499 2985 557 3034 qnae
570 2970 688 3034 hueusque
700 2971 811 3035 legimns3
828 2988 870 3021 neo
883 2973 1021 3038 Propertius
1035 2974 1138 3039 spatium
1152 2974 1271 3041 quindecim

190 3045 226 3094 vel
241 3047 340 3096 sederim
354 3048 480 3108 mensium,
495 3049 577 3114 quibus
586 3068 640 3102 oum
649 3052 751 3118 Cynthia
759 3057 921 3113 consueverat,
930 3059 979 3104 tam
988 3057 1074 3105 multos
1082 3073 1158 3108 annm
1166 3057 1271 3124 appellare

189 3129 312 3194 potuisset.
331 3131 478 3181 Temerarius
492 3148 562 3198 porro
576 3133 664 3182 nullam
670 3134 768 3200 probem
777 3135 968 3200 significationem
976 3137 1087 3189 admittit.
1103 3141 1138 3190 De
1146 3139 1270 3191 ,κακῶν

188 3213 248 3262 nihil
265 3214 355 3265 addam.
373 3216 404 3265 V.
422 3219 502 3266 notum
518 3216 543 3265 in
559 3234 582 3266 v.
601 3219 633 3266 10
649 3217 686 3267 Ill.
704 3220 825 3269 XXVIII.

222 3303 261 3352 12.
294 3305 327 3354 In
345 3304 425 3365 reete,
442 3305 468 3355 in
483 3305 584 3355 tentorio
600 3321 649 3356 suo.
685 3307 892 3359 Commelinisnus:
909 3309 936 3358 ἐκ
958 3311 1064 3360 Teucros.

221 3392 261 3442 13.
297 3394 370 3442 Gron.
385 3394 454 3460 sepe
471 3398 575 3453 inseror,-
592 3398 667 3462 Neap.
677 3397 769 3462 supas,
786 3403 883 3448 tractor.
916 3399 1069 3460 Heinsiuuus,
1088 3400 1210 3452 Vossianus
1226 3398 1267 3447 ΙΙΙ

186 3479 211 3527 et
226 3475 343 3542 urcerpta
359 3476 470 3540 Scaligeri
486 3478 606 3543 Phryqao.
623 3479 687 3529 Hine
702 3479 825 3531 Heinsius:
849 3481 950 3532 Viderat
966 3483 1009 3534 ille
1025 3484 1138 3549 Phrppar
1153 3481 1231 3534 erraris
1243 3479 1267 3528 in

185 3557 256 3608 litore
271 3555 378 3608 Achivis.
403 3559 466 3608 Vere
482 3561 518 3607 est
534 3559 607 3626 Neap.
625 3561 749 3627 scripture.

220 3646 261 3696 21.
295 3647 370 3696 Grou.
390 3650 414 3696 et
436 3648 511 3714 Neap.
528 3650 566 3698 vel
581 3650 670 3700 Marte·
683 3654 721 3701 vel
736 3651 816 3702 ermis.
851 3653 895 3703 Sed
914 3654 1061 3716 Colotianus,
1079 3657 1200 3707 Vetiosnns
1215 3651 1265 3701 Isi

188 3730 230 3790 11,
247 3727 355 3793 Perrejus
371 3731 395 3778 st
412 3730 490 3781 Codex
507 3731 632 3784 Passeratii
649 3735 687 3784 uel
702 3739 778 3785 matre
793 3738 832 3786 rel
846 3736 927 3786 armis.
1070 3749 1072 3753 ·
