2642 4396
196 531 303 594 Omnia
323 530 413 592 surda
432 533 547 609 tacent,
567 529 701 606 rarisque
721 535 841 590 maneta
861 529 1007 591 Kalendis

228 636 289 696 Vix
309 635 404 713 aperit
424 635 538 696 chunos
559 651 618 694 una
638 634 737 712 puella
757 634 860 695 Lares.

188 738 348 803 Glaucidos
369 742 399 797 et
418 737 533 798 catulae
553 755 610 797 vox
633 741 678 797 est
698 737 771 797 mihi
792 741 877 815 grata
898 739 1064 815 querentis:

228 843 285 904 Illa
304 842 348 903 tui
368 847 481 920 partem
501 840 632 902 vindicat
652 860 712 902 nna
731 841 796 902 tori.

189 949 277 1008 Flore
297 947 407 1010 sacella
426 950 507 1024 tego,
528 945 664 1006 verbenis
684 945 811 1022 compita
830 945 913 1024 velo,
1121 945 1161 1006 55

228 1049 268 1109 Et
287 1053 387 1126 crepat
408 1048 447 1108 ad
467 1051 582 1108 veteres
602 1047 695 1108 herba
715 1047 825 1107 Sabina
845 1047 932 1109 focos.

165 1185 167 1190 ·
189 1150 259 1212 Sive
279 1152 310 1210 in
330 1149 452 1210 finitimo
473 1150 584 1226 gemuit
605 1155 686 1210 stans
705 1154 813 1210 noctua
832 1150 929 1228 tigno,

228 1253 288 1313 Seu
307 1253 400 1312 voluit
419 1253 502 1329 tangi
521 1270 611 1329 parca
630 1254 750 1312 lucerna
769 1271 865 1332 mero,

188 1354 246 1416 illa
265 1356 330 1415 dies
350 1355 450 1416 hornis
471 1356 592 1415 caedem
613 1355 767 1414 denuntiat
787 1355 888 1434 agnis,

229 1455 432 1532 succinctique
453 1458 550 1517 calent
570 1456 608 1516 ad
628 1475 705 1516 nova
724 1458 807 1517 lucra
826 1473 928 1533 popae.
1122 1460 1162 1519 60

187 1561 249 1639 Ne,
270 1577 385 1638 precor,
407 1559 536 1620 ascensis
556 1559 631 1618 tanti
653 1559 692 1618 sit
711 1559 806 1635 gloria
826 1558 956 1638 Bactris,
1092 1543 1095 1552 Α

228 1663 362 1740 Raptave
383 1662 502 1722 odorato
522 1662 645 1722 carbasa
664 1661 727 1721 lina
746 1661 829 1740 duci,

187 1765 330 1826 Plumbea
351 1782 416 1824 eum
436 1767 530 1824 tortae
550 1767 726 1840 spargurutur
746 1764 876 1840 pondera
895 1764 1019 1845 fundae,

228 1866 373 1929 Subdoluo
395 1871 425 1927 et
445 1867 538 1927 versis
560 1867 692 1943 increpat
712 1885 797 1928 meus
818 1868 911 1944 equis.

186 1969 247 2032 Sed
267 1969 332 2050 (tua
352 1969 395 2031 sic
415 1969 532 2029 domitia
552 1968 681 2029 Parthae
702 1970 817 2030 telluris
837 1970 963 2032 alumnis
1119 1970 1158 2032 65

226 2074 305 2134 Pura
325 2071 539 2151 triumphantes
558 2072 646 2134 hasta
666 2077 807 2150 sequatur
827 2075 930 2154 equos)

187 2179 358 2256 Incorrupta
378 2178 436 2237 mei
456 2195 597 2238 conserva
617 2177 735 2238 foedera
756 2179 841 2238 lecti:

226 2283 291 2343 Hac
311 2300 366 2358 ego
386 2286 416 2341 te
436 2281 500 2342 sola
519 2282 585 2356 lege
606 2259 718 2340 redisse
738 2282 837 2341 velim.

187 2385 336 2461 Armaque
356 2403 423 2445 cum
443 2386 538 2446 tulero
558 2389 659 2462 portae
680 2386 780 2446 votiva
800 2383 954 2464 Capenae,

226 2487 429 2549 Subscribam:
455 2487 540 2547 Saluo
560 2493 647 2565 orote
665 2488 766 2566 puello
787 2489 857 2548 circ.
973 2567 977 2578 ι
1120 2493 1159 2552 70

115 2656 139 2704 Fl.
175 2652 232 2704 eod.
255 2655 331 2718 Neap.
355 2650 444 2700 omittit
464 2651 558 2700 Bactra
577 2666 623 2714 per
640 2655 719 2707 omar,
737 2649 798 2715 quod
814 2650 838 2698 in
857 2650 939 2700 ceteris
956 2651 1049 2715 legitur.
1085 2651 1159 2701 Ortus

56 2740 165 2788 aerata
181 2751 224 2802 pro
241 2733 374 2798 regionibus
391 2732 540 2782 orientalibus
557 2736 638 2797 terque
655 2736 781 2798 quaterque
798 2733 928 2798 peragratis
944 2733 1083 2798 interpreter
1097 2733 1156 2782 acci·

56 2821 145 2888 piunt;
172 2833 218 2868 non
244 2817 362 2866 declarant
386 2817 465 2864 temen
488 2815 602 2879 quomodo
625 2820 692 2863 ortua
714 2814 771 2863 talia
794 2814 925 2879 significare
947 2815 1028 2880 possit.
1060 2816 1158 2882 Repono

56 2906 166 2954 ituatur
182 2902 278 2951 Bactra
289 2917 335 2964 per
351 2914 413 2948 orae.

114 2994 139 3043 8.
174 2994 246 3042 Gron.
265 2991 369 3041 uariae
386 2989 474 3044 hodia·
493 2989 568 3052 Neap.
586 2987 700 3045 Hericua,
719 2986 758 3036 alii
775 2986 888 3044 Noricus,
907 2986 1031 3036 Rhaetica.
1058 2986 1157 3038 Paccius

58 3083 86 3128 et
104 3075 234 3126 Beroaldus
251 3072 352 3123 Samma.
369 3101 403 3109 —
421 3071 508 3119 Deinde
525 3069 598 3119 Codd.
616 3069 703 3117 addunt
719 3067 845 3117 distichum
863 3067 1014 3118 adscititium:

314 3153 461 3217 Hiberniqne
478 3153 549 3200 Getae
566 3150 673 3216 pictoque
689 3149 813 3198 Britannia
829 3164 900 3198 curru

348 3235 422 3283 Vetus
439 3237 463 3283 et
479 3235 529 3282 an
545 3231 644 3282 discolor
661 3231 734 3281 Indus
751 3248 818 3296 aqua.

59 3323 92 3372 In
109 3318 214 3370 Orientis
228 3313 360 3382 regionibus
376 3316 475 3380 Lycotas
490 3314 577 3364 bellurn
591 3313 697 3379 gerebet;
712 3329 766 3362 eum
780 3313 854 3378 igitur
866 3330 912 3364 nou
926 3313 1156 3368 videbatBritauniu.

64 3408 148 3470 Neque
165 3404 285 3466 Augustus
303 3414 368 3448 arma
383 3397 439 3447 tulit
454 3397 480 3446 in
497 3396 577 3446 ludos.

113 3493 138 3542 9.
172 3492 246 3539 Gron.
269 3493 293 3538 et
311 3493 398 3554 pacm
419 3487 479 3536 miti
500 3491 592 3543 noctem
616 3488 693 3551 Nenp.
715 3490 740 3535 et
758 3502 832 3550 parce
853 3486 909 3536 acia
931 3492 1024 3545 motem
1045 3488 1157 3554 equibus

59 3573 137 3624 literis
161 3587 228 3622 sensu
252 3568 383 3620 curantibus
405 3568 522 3633 Hauptius
544 3567 634 3616 felicem
657 3567 841 3617 emendationem
858 3569 1016 3620 concinnavit:
1034 3575 1059 3620 et
1069 3576 1158 3636 pactae

60 3657 88 3706 ia
105 3654 174 3705 rania
190 3657 277 3703 noctes.

96 3748 138 3797 26.
173 3746 246 3794 Gron.
264 3745 289 3792 et
306 3745 383 3808 Neap.
401 3744 466 3792 color
483 3742 542 3798 ictu
560 3741 610 3790 edd.
628 3741 691 3804 rrrlg.
709 3743 774 3790 color
790 3740 840 3790 ille.
