<?xml version="1.0" encoding="UTF-8"?>
<!DOCTYPE html PUBLIC "-//W3C//DTD XHTML 1.0 Transitional//EN"
    "http://www.w3.org/TR/xhtml1/DTD/xhtml1-transitional.dtd">
<html xmlns="http://www.w3.org/1999/xhtml" xml:lang="en" lang="en">
 <head>
  <title>
</title>
<meta http-equiv="Content-Type" content="text/html;charset=utf-8" />
  <meta name='ocr-system' content='tesseract 3.04.00' />
  <meta name='ocr-capabilities' content='ocr_page ocr_carea ocr_par ocr_line ocrx_word'/>
</head>
<body>
  <div class='ocr_page' id='page_1' title='image "./cynthiacumlibro00carugoog_0053.png"; bbox 0 0 2640 4400; ppageno 0'>
   <div class='ocr_carea' id='block_1_1' title="bbox 198 375 280 422">
    <p class='ocr_par' dir='ltr' id='par_1_1' title="bbox 198 375 280 422">
     <span class='ocr_line' id='line_1_1' title="bbox 198 375 280 422; baseline 0.024 -2"><span class='ocrx_word' id='word_1_1' title='bbox 198 375 280 422; x_wconf 70' lang='lat' dir='ltr'><strong>ml</strong></span> 
     </span>
    </p>
   </div>
   <div class='ocr_carea' id='block_1_2' title="bbox 193 527 1292 1022">
    <p class='ocr_par' dir='ltr' id='par_1_2' title="bbox 193 527 1292 1022">
     <span class='ocr_line' id='line_1_2' title="bbox 195 527 1290 610; baseline -0.002 -16"><span class='ocrx_word' id='word_1_2' title='bbox 195 533 338 610; x_wconf 86' lang='lat' dir='ltr'><strong>dignitate</strong></span> <span class='ocrx_word' id='word_1_3' title='bbox 364 536 504 592; x_wconf 72' lang='lat' dir='ltr'><strong>ornamm.</strong></span> <span class='ocrx_word' id='word_1_4' title='bbox 535 527 600 604; x_wconf 79' lang='lat' dir='ltr'><strong>Quo</strong></span> <span class='ocrx_word' id='word_1_5' title='bbox 625 543 701 590; x_wconf 87' lang='lat' dir='ltr'><strong>anno</strong></span> <span class='ocrx_word' id='word_1_6' title='bbox 726 536 827 610; x_wconf 85' lang='lat' dir='ltr'><strong>natus,</strong></span> <span class='ocrx_word' id='word_1_7' title='bbox 853 548 949 607; x_wconf 86' lang='lat' dir='ltr'><strong>quove</strong></span> <span class='ocrx_word' id='word_1_8' title='bbox 976 532 1099 593; x_wconf 83' lang='lat' dir='ltr'><strong>donatus</strong></span> <span class='ocrx_word' id='word_1_9' title='bbox 1127 529 1290 609; x_wconf 85' lang='lat' dir='ltr'><strong>ignoratur.</strong></span> 
     </span>
     <span class='ocr_line' id='line_1_3' title="bbox 194 632 1290 714; baseline 0 -18"><span class='ocrx_word' id='word_1_10' title='bbox 194 635 295 696; x_wconf 86' lang='lat' dir='ltr'><strong>Prima</strong></span> <span class='ocrx_word' id='word_1_11' title='bbox 313 636 444 696; x_wconf 77' lang='lat' dir='ltr'><strong>carmina</strong></span> <span class='ocrx_word' id='word_1_12' title='bbox 462 634 573 694; x_wconf 80' lang='lat' dir='ltr'>fudisse</span> <span class='ocrx_word' id='word_1_13' title='bbox 593 633 711 694; x_wconf 84' lang='lat' dir='ltr'><strong>videtur</strong></span> <span class='ocrx_word' id='word_1_14' title='bbox 734 635 834 710; x_wconf 90' lang='lat' dir='ltr'><strong>paullo</strong></span> <span class='ocrx_word' id='word_1_15' title='bbox 858 639 925 712; x_wconf 88' lang='lat' dir='ltr'><strong>post</strong></span> <span class='ocrx_word' id='word_1_16' title='bbox 946 632 1107 696; x_wconf 75' lang='lat' dir='ltr'><strong>Ouidianas</strong></span> <span class='ocrx_word' id='word_1_17' title='bbox 1128 635 1290 714; x_wconf 82' lang='lat' dir='ltr'><strong>Heroides,</strong></span> 
     </span>
     <span class='ocr_line' id='line_1_4' title="bbox 194 737 1291 816; baseline -0.002 -16"><span class='ocrx_word' id='word_1_18' title='bbox 194 743 225 800; x_wconf 87' lang='lat' dir='ltr'><strong>et</strong></span> <span class='ocrx_word' id='word_1_19' title='bbox 244 744 312 801; x_wconf 90' lang='lat' dir='ltr'><strong>ante</strong></span> <span class='ocrx_word' id='word_1_20' title='bbox 332 737 433 799; x_wconf 85' lang='lat' dir='ltr'><strong>Ovidii</strong></span> <span class='ocrx_word' id='word_1_21' title='bbox 453 738 574 798; x_wconf 87' lang='lat' dir='ltr'><strong>exilium</strong></span> <span class='ocrx_word' id='word_1_22' title='bbox 595 737 773 798; x_wconf 74' lang='lat' dir='ltr'><strong>concessisse</strong></span> <span class='ocrx_word' id='word_1_23' title='bbox 794 737 872 816; x_wconf 86' lang='lat' dir='ltr'><strong>vita,</strong></span> <span class='ocrx_word' id='word_1_24' title='bbox 891 755 961 813; x_wconf 87' lang='lat' dir='ltr'><strong>ergo</strong></span> <span class='ocrx_word' id='word_1_25' title='bbox 976 743 1045 798; x_wconf 91' lang='lat' dir='ltr'><strong>ante</strong></span> <span class='ocrx_word' id='word_1_26' title='bbox 1056 757 1103 798; x_wconf 89' lang='lat' dir='ltr'><strong>an.</strong></span> <span class='ocrx_word' id='word_1_27' title='bbox 1115 738 1291 800; x_wconf 82' lang='lat' dir='ltr'>Dchxss·</span> 
     </span>
     <span class='ocr_line' id='line_1_5' title="bbox 194 839 1292 926; baseline 0 -26"><span class='ocrx_word' id='word_1_28' title='bbox 194 840 364 918; x_wconf 83' lang='lat' dir='ltr'><strong>Astrologus</strong></span> <span class='ocrx_word' id='word_1_29' title='bbox 378 845 479 900; x_wconf 87' lang='lat' dir='ltr'><strong>narrat</strong></span> <span class='ocrx_word' id='word_1_30' title='bbox 495 840 573 899; x_wconf 90' lang='lat' dir='ltr'><strong>intra</strong></span> <span class='ocrx_word' id='word_1_31' title='bbox 586 839 694 916; x_wconf 87' lang='lat' dir='ltr'><strong>primos</strong></span> <span class='ocrx_word' id='word_1_32' title='bbox 709 839 855 915; x_wconf 88' lang='lat' dir='ltr'><strong>pueritiae</strong></span> <span class='ocrx_word' id='word_1_33' title='bbox 872 857 963 926; x_wconf 89' lang='lat' dir='ltr'><strong>annos</strong></span> <span class='ocrx_word' id='word_1_34' title='bbox 978 840 1113 902; x_wconf 87' lang='lat' dir='ltr'><strong>amisisse</strong></span> <span class='ocrx_word' id='word_1_35' title='bbox 1128 846 1247 918; x_wconf 87' lang='lat' dir='ltr'><strong>patrem</strong></span> <span class='ocrx_word' id='word_1_36' title='bbox 1264 847 1292 902; x_wconf 86' lang='lat' dir='ltr'><strong>et</strong></span> 
     </span>
     <span class='ocr_line' id='line_1_6' title="bbox 193 941 1290 1022; baseline 0.004 -20"><span class='ocrx_word' id='word_1_37' title='bbox 193 942 333 1003; x_wconf 87' lang='lat' dir='ltr'><strong>bonorum</strong></span> <span class='ocrx_word' id='word_1_38' title='bbox 345 948 473 1022; x_wconf 89' lang='lat' dir='ltr'><strong>partem,</strong></span> <span class='ocrx_word' id='word_1_39' title='bbox 496 942 584 1019; x_wconf 89' lang='lat' dir='ltr'><strong>inque</strong></span> <span class='ocrx_word' id='word_1_40' title='bbox 603 941 759 1002; x_wconf 87' lang='lat' dir='ltr'><strong>amatorios</strong></span> <span class='ocrx_word' id='word_1_41' title='bbox 776 942 897 1018; x_wconf 86' lang='lat' dir='ltr'><strong>laqueos</strong></span> <span class='ocrx_word' id='word_1_42' title='bbox 907 943 1131 1020; x_wconf 86' lang='lat' dir='ltr'><strong>inexplicabiles</strong></span> <span class='ocrx_word' id='word_1_43' title='bbox 1141 945 1290 1008; x_wconf 89' lang='lat' dir='ltr'><strong>irretitum</strong></span> 
     </span>
    </p>
   </div>
   <div class='ocr_carea' id='block_1_3' title="bbox 193 1065 1037 1275">
    <p class='ocr_par' dir='ltr' id='par_1_3' title="bbox 193 1065 1037 1275">
     <span class='ocr_line' id='line_1_7' title="bbox 193 1065 1037 1184; baseline 0.001 -8"><span class='ocrx_word' id='word_1_44' title='bbox 193 1065 317 1108; x_wconf 48' lang='lat' dir='ltr'><strong>mse·</strong></span> <span class='ocrx_word' id='word_1_45' title='bbox 422 1128 455 1176; x_wconf 75' lang='lat' dir='ltr'><strong>nt</strong></span> <span class='ocrx_word' id='word_1_46' title='bbox 471 1126 527 1176; x_wconf 88' lang='lat' dir='ltr'><strong>benc</strong></span> <span class='ocrx_word' id='word_1_47' title='bbox 543 1143 595 1184; x_wconf 85' lang='lat' dir='ltr'><strong>cnm</strong></span> <span class='ocrx_word' id='word_1_48' title='bbox 612 1129 686 1176; x_wconf 79' lang='lat' dir='ltr'><strong>lixum</strong></span> <span class='ocrx_word' id='word_1_49' title='bbox 702 1131 780 1177; x_wconf 86' lang='lat' dir='ltr'><strong>manto</strong></span> <span class='ocrx_word' id='word_1_50' title='bbox 797 1127 931 1176; x_wconf 82' lang='lat' dir='ltr'><strong>discusseris</strong></span> <span class='ocrx_word' id='word_1_51' title='bbox 949 1144 1037 1177; x_wconf 90' lang='lat' dir='ltr'><strong>uncum</strong></span> 
     </span>
     <span class='ocr_line' id='line_1_8' title="bbox 458 1208 1015 1275; baseline 0.004 -17"><span class='ocrx_word' id='word_1_52' title='bbox 458 1208 500 1258; x_wconf 89' lang='lat' dir='ltr'><strong>Nil</strong></span> <span class='ocrx_word' id='word_1_53' title='bbox 516 1209 561 1258; x_wconf 89' lang='lat' dir='ltr'><strong>erit</strong></span> <span class='ocrx_word' id='word_1_54' title='bbox 576 1210 634 1258; x_wconf 84' lang='lat' dir='ltr'><strong>hoc:</strong></span> <span class='ocrx_word' id='word_1_55' title='bbox 651 1212 728 1259; x_wconf 85' lang='lat' dir='ltr'><strong>rostro</strong></span> <span class='ocrx_word' id='word_1_56' title='bbox 744 1213 769 1259; x_wconf 88' lang='lat' dir='ltr'><strong>te</strong></span> <span class='ocrx_word' id='word_1_57' title='bbox 786 1213 877 1275; x_wconf 88' lang='lat' dir='ltr'><strong>premet</strong></span> <span class='ocrx_word' id='word_1_58' title='bbox 893 1225 950 1258; x_wconf 84' lang='lat' dir='ltr'><strong>ansa</strong></span> <span class='ocrx_word' id='word_1_59' title='bbox 966 1225 1015 1260; x_wconf 91' lang='lat' dir='ltr'><strong>suc.</strong></span> 
     </span>
    </p>
   </div>
   <div class='ocr_carea' id='block_1_4' title="bbox 136 1312 1315 3452">
    <p class='ocr_par' dir='ltr' id='par_1_4' title="bbox 136 1312 1315 3309">
     <span class='ocr_line' id='line_1_9' title="bbox 234 1312 1288 1404; baseline 0.002 -28"><span class='ocrx_word' id='word_1_60' title='bbox 234 1315 357 1376; x_wconf 82' lang='lat' dir='ltr'><strong>Saeculo</strong></span> <span class='ocrx_word' id='word_1_61' title='bbox 380 1319 447 1393; x_wconf 90' lang='lat' dir='ltr'><strong>post</strong></span> <span class='ocrx_word' id='word_1_62' title='bbox 471 1314 525 1376; x_wconf 82' lang='lat' dir='ltr'><strong>Ob.</strong></span> <span class='ocrx_word' id='word_1_63' title='bbox 552 1314 609 1374; x_wconf 84' lang='lat' dir='ltr'><strong>XV</strong></span> <span class='ocrx_word' id='word_1_64' title='bbox 635 1312 744 1374; x_wconf 83' lang='lat' dir='ltr'><strong>Sabino</strong></span> <span class='ocrx_word' id='word_1_65' title='bbox 769 1312 839 1374; x_wconf 85' lang='lat' dir='ltr'><strong>Auli</strong></span> <span class='ocrx_word' id='word_1_66' title='bbox 864 1332 970 1404; x_wconf 80' lang='lat' dir='ltr'><strong>nomen</strong></span> <span class='ocrx_word' id='word_1_67' title='bbox 990 1315 1091 1376; x_wconf 87' lang='lat' dir='ltr'><strong>datum</strong></span> <span class='ocrx_word' id='word_1_68' title='bbox 1111 1313 1180 1397; x_wconf 84' lang='lat' dir='ltr'><strong>fuit,</strong></span> <span class='ocrx_word' id='word_1_69' title='bbox 1202 1319 1288 1396; x_wconf 91' lang='lat' dir='ltr'><strong>cujus</strong></span> 
     </span>
     <span class='ocr_line' id='line_1_10' title="bbox 193 1417 1287 1502; baseline 0.002 -22"><span class='ocrx_word' id='word_1_70' title='bbox 193 1419 299 1480; x_wconf 87' lang='lat' dir='ltr'><strong>erroris</strong></span> <span class='ocrx_word' id='word_1_71' title='bbox 315 1417 388 1478; x_wconf 90' lang='lat' dir='ltr'><strong>haec</strong></span> <span class='ocrx_word' id='word_1_72' title='bbox 410 1422 455 1479; x_wconf 88' lang='lat' dir='ltr'><strong>est</strong></span> <span class='ocrx_word' id='word_1_73' title='bbox 471 1419 561 1494; x_wconf 89' lang='lat' dir='ltr'><strong>origo.</strong></span> <span class='ocrx_word' id='word_1_74' title='bbox 587 1417 718 1477; x_wconf 91' lang='lat' dir='ltr'><strong>Primum</strong></span> <span class='ocrx_word' id='word_1_75' title='bbox 735 1418 825 1478; x_wconf 89' lang='lat' dir='ltr'><strong>editio</strong></span> <span class='ocrx_word' id='word_1_76' title='bbox 843 1417 1001 1479; x_wconf 83' lang='lat' dir='ltr'><strong>Heroidorn</strong></span> <span class='ocrx_word' id='word_1_77' title='bbox 1018 1420 1156 1497; x_wconf 91' lang='lat' dir='ltr'><strong>princeps</strong></span> <span class='ocrx_word' id='word_1_78' title='bbox 1174 1420 1287 1502; x_wconf 89' lang='lat' dir='ltr'><strong>(Vene-</strong></span> 
     </span>
     <span class='ocr_line' id='line_1_11' title="bbox 192 1518 1288 1599; baseline -0.002 -17"><span class='ocrx_word' id='word_1_79' title='bbox 192 1521 243 1582; x_wconf 91' lang='lat' dir='ltr'><strong>tiis</strong></span> <span class='ocrx_word' id='word_1_80' title='bbox 271 1539 318 1581; x_wconf 88' lang='lat' dir='ltr'><strong>an.</strong></span> <span class='ocrx_word' id='word_1_81' title='bbox 345 1519 412 1580; x_wconf 83' lang='lat' dir='ltr'><strong>Chr.</strong></span> <span class='ocrx_word' id='word_1_82' title='bbox 433 1518 728 1599; x_wconf 80' lang='lat' dir='ltr'>MCCOOLXXXVI)</span> <span class='ocrx_word' id='word_1_83' title='bbox 756 1524 817 1580; x_wconf 87' lang='lat' dir='ltr'><strong>tres</strong></span> <span class='ocrx_word' id='word_1_84' title='bbox 845 1519 968 1598; x_wconf 83' lang='lat' dir='ltr'><strong>Ulyxis,</strong></span> <span class='ocrx_word' id='word_1_85' title='bbox 1003 1521 1235 1599; x_wconf 84' lang='lat' dir='ltr'><strong>Demophoontis</strong></span> <span class='ocrx_word' id='word_1_86' title='bbox 1259 1529 1288 1582; x_wconf 86' lang='lat' dir='ltr'><strong>el</strong></span> 
     </span>
     <span class='ocr_line' id='line_1_12' title="bbox 193 1621 1286 1705; baseline 0.003 -22"><span class='ocrx_word' id='word_1_87' title='bbox 193 1623 309 1685; x_wconf 89' lang='lat' dir='ltr'><strong>Paridis</strong></span> <span class='ocrx_word' id='word_1_88' title='bbox 330 1624 467 1700; x_wconf 82' lang='lat' dir='ltr'><strong>epistolas</strong></span> <span class='ocrx_word' id='word_1_89' title='bbox 489 1623 523 1682; x_wconf 85' lang='grc' dir='ltr'><strong>Α.</strong></span> <span class='ocrx_word' id='word_1_90' title='bbox 547 1621 653 1683; x_wconf 86' lang='lat' dir='ltr'><strong>Sabino</strong></span> <span class='ocrx_word' id='word_1_91' title='bbox 674 1623 838 1700; x_wconf 87' lang='lat' dir='ltr'><strong>adscriptas</strong></span> <span class='ocrx_word' id='word_1_92' title='bbox 858 1624 1007 1702; x_wconf 82' lang='lat' dir='ltr'><strong>vulgavit,</strong></span> <span class='ocrx_word' id='word_1_93' title='bbox 1028 1625 1128 1688; x_wconf 92' lang='lat' dir='ltr'><strong>notula</strong></span> <span class='ocrx_word' id='word_1_94' title='bbox 1149 1627 1286 1705; x_wconf 85' lang='lat' dir='ltr'><strong>adjecta:</strong></span> 
     </span>
     <span class='ocr_line' id='line_1_13' title="bbox 197 1724 1288 1803; baseline -0.001 -18"><span class='ocrx_word' id='word_1_95' title='bbox 197 1725 254 1800; x_wconf 81' lang='lat' dir='ltr'><strong>,A.</strong></span> <span class='ocrx_word' id='word_1_96' title='bbox 286 1725 430 1803; x_wconf 83' lang='lat' dir='ltr'><strong>Sabinus,</strong></span> <span class='ocrx_word' id='word_1_97' title='bbox 462 1741 551 1801; x_wconf 89' lang='lat' dir='ltr'><strong>eques</strong></span> <span class='ocrx_word' id='word_1_98' title='bbox 582 1741 718 1784; x_wconf 87' lang='lat' dir='ltr'><strong>romanus</strong></span> <span class='ocrx_word' id='word_1_99' title='bbox 749 1724 956 1784; x_wconf 87' lang='lat' dir='ltr'><strong>celeberrimus</strong></span> <span class='ocrx_word' id='word_1_100' title='bbox 986 1731 1127 1802; x_wconf 86' lang='lat' dir='ltr'><strong>vatesque</strong></span> <span class='ocrx_word' id='word_1_101' title='bbox 1156 1727 1288 1787; x_wconf 80' lang='lat' dir='ltr'><strong>Nasonis</strong></span> 
     </span>
     <span class='ocr_line' id='line_1_14' title="bbox 192 1827 1286 1908; baseline -0.001 -18"><span class='ocrx_word' id='word_1_102' title='bbox 192 1831 371 1908; x_wconf 86' lang='lat' dir='ltr'><strong>temporibus</strong></span> <span class='ocrx_word' id='word_1_103' title='bbox 395 1830 500 1890; x_wconf 88' lang='lat' dir='ltr'><strong>floruit</strong></span> <span class='ocrx_word' id='word_1_104' title='bbox 526 1827 584 1901; x_wconf 77' lang='lat' dir='ltr'><strong>Qui</strong></span> <span class='ocrx_word' id='word_1_105' title='bbox 609 1827 663 1887; x_wconf 84' lang='lat' dir='ltr'><strong>has</strong></span> <span class='ocrx_word' id='word_1_106' title='bbox 691 1844 790 1888; x_wconf 89' lang='lat' dir='ltr'><strong>omncs</strong></span> <span class='ocrx_word' id='word_1_107' title='bbox 810 1827 1009 1903; x_wconf 89' lang='lat' dir='ltr'><strong>responsorias</strong></span> <span class='ocrx_word' id='word_1_108' title='bbox 1030 1833 1060 1889; x_wconf 89' lang='lat' dir='ltr'><strong>et</strong></span> <span class='ocrx_word' id='word_1_109' title='bbox 1080 1830 1154 1889; x_wconf 85' lang='lat' dir='ltr'><strong>alias</strong></span> <span class='ocrx_word' id='word_1_110' title='bbox 1175 1830 1286 1906; x_wconf 85' lang='lat' dir='ltr'><strong>edidit,</strong></span> 
     </span>
     <span class='ocr_line' id='line_1_15' title="bbox 193 1931 1286 2011; baseline 0 -18"><span class='ocrx_word' id='word_1_111' title='bbox 193 1952 269 2010; x_wconf 90' lang='lat' dir='ltr'><strong>quae</strong></span> <span class='ocrx_word' id='word_1_112' title='bbox 295 1952 352 1994; x_wconf 93' lang='lat' dir='ltr'><strong>non</strong></span> <span class='ocrx_word' id='word_1_113' title='bbox 378 1933 590 2011; x_wconf 86' lang='lat' dir='ltr'><strong>reperiuntur.”</strong></span> <span class='ocrx_word' id='word_1_114' title='bbox 629 1933 698 1991; x_wconf 84' lang='lat' dir='ltr'><strong>Mox</strong></span> <span class='ocrx_word' id='word_1_115' title='bbox 716 1931 753 1992; x_wconf 88' lang='lat' dir='ltr'><strong>de</strong></span> <span class='ocrx_word' id='word_1_116' title='bbox 778 1932 966 2008; x_wconf 88' lang='lat' dir='ltr'><strong>epistolarum</strong></span> <span class='ocrx_word' id='word_1_117' title='bbox 987 1933 1155 1993; x_wconf 79' lang='lat' dir='ltr'><strong>sinceritate</strong></span> <span class='ocrx_word' id='word_1_118' title='bbox 1176 1934 1286 1993; x_wconf 87' lang='lat' dir='ltr'><strong>eruditi</strong></span> 
     </span>
     <span class='ocr_line' id='line_1_16' title="bbox 193 2033 1286 2113; baseline -0.002 -18"><span class='ocrx_word' id='word_1_119' title='bbox 193 2036 341 2112; x_wconf 82' lang='lat' dir='ltr'><strong>ambigere</strong></span> <span class='ocrx_word' id='word_1_120' title='bbox 374 2039 526 2113; x_wconf 90' lang='lat' dir='ltr'><strong>ceperunt,</strong></span> <span class='ocrx_word' id='word_1_121' title='bbox 556 2035 678 2113; x_wconf 87' lang='lat' dir='ltr'><strong>jamque</strong></span> <span class='ocrx_word' id='word_1_122' title='bbox 709 2033 803 2094; x_wconf 87' lang='lat' dir='ltr'><strong>Aldus</strong></span> <span class='ocrx_word' id='word_1_123' title='bbox 837 2035 985 2094; x_wconf 86' lang='lat' dir='ltr'><strong>Manutius</strong></span> <span class='ocrx_word' id='word_1_124' title='bbox 1016 2034 1286 2095; x_wconf 88' lang='lat' dir='ltr'><strong>animadvertebat:</strong></span> 
     </span>
     <span class='ocr_line' id='line_1_17' title="bbox 197 2135 1315 2215; baseline -0.002 -19"><span class='ocrx_word' id='word_1_125' title='bbox 197 2137 293 2210; x_wconf 85' lang='lat' dir='ltr'><strong>,Tres</strong></span> <span class='ocrx_word' id='word_1_126' title='bbox 324 2155 398 2215; x_wconf 87' lang='lat' dir='ltr'><strong>quae</strong></span> <span class='ocrx_word' id='word_1_127' title='bbox 427 2138 586 2215; x_wconf 88' lang='lat' dir='ltr'><strong>habentur,</strong></span> <span class='ocrx_word' id='word_1_128' title='bbox 613 2137 686 2196; x_wconf 92' lang='lat' dir='ltr'><strong>mihi</strong></span> <span class='ocrx_word' id='word_1_129' title='bbox 716 2155 774 2196; x_wconf 94' lang='lat' dir='ltr'><strong>non</strong></span> <span class='ocrx_word' id='word_1_130' title='bbox 804 2137 889 2196; x_wconf 90' lang='lat' dir='ltr'><strong>modo</strong></span> <span class='ocrx_word' id='word_1_131' title='bbox 920 2156 978 2196; x_wconf 94' lang='lat' dir='ltr'><strong>non</strong></span> <span class='ocrx_word' id='word_1_132' title='bbox 1009 2136 1146 2196; x_wconf 86' lang='lat' dir='ltr'><strong>videntur</strong></span> <span class='ocrx_word' id='word_1_133' title='bbox 1167 2135 1286 2214; x_wconf 85' lang='lat' dir='ltr'><strong>Sabini,</strong></span> <span class='ocrx_word' id='word_1_134' title='bbox 1314 2147 1315 2179; x_wconf 66' lang='lat' dir='ltr'><strong>l</strong></span> 
     </span>
     <span class='ocr_line' id='line_1_18' title="bbox 193 2240 1286 2318; baseline -0.002 -16"><span class='ocrx_word' id='word_1_135' title='bbox 193 2241 247 2302; x_wconf 90' lang='lat' dir='ltr'><strong>sed</strong></span> <span class='ocrx_word' id='word_1_136' title='bbox 271 2258 309 2300; x_wconf 92' lang='lat' dir='ltr'><strong>ne</strong></span> <span class='ocrx_word' id='word_1_137' title='bbox 329 2241 499 2302; x_wconf 85' lang='lat' dir='ltr'><strong>excellentis</strong></span> <span class='ocrx_word' id='word_1_138' title='bbox 519 2240 637 2317; x_wconf 91' lang='lat' dir='ltr'><strong>quidem</strong></span> <span class='ocrx_word' id='word_1_139' title='bbox 657 2241 830 2318; x_wconf 86' lang='lat' dir='ltr'><strong>cujusquam</strong></span> <span class='ocrx_word' id='word_1_140' title='bbox 850 2240 983 2317; x_wconf 84' lang='lat' dir='ltr'><strong>poetae.”</strong></span> <span class='ocrx_word' id='word_1_141' title='bbox 1016 2240 1051 2300; x_wconf 92' lang='lat' dir='ltr'><strong>In</strong></span> <span class='ocrx_word' id='word_1_142' title='bbox 1072 2241 1199 2300; x_wconf 86' lang='lat' dir='ltr'><strong>Manutii</strong></span> <span class='ocrx_word' id='word_1_143' title='bbox 1219 2259 1286 2301; x_wconf 90' lang='lat' dir='ltr'><strong>sen·</strong></span> 
     </span>
     <span class='ocr_line' id='line_1_19' title="bbox 193 2343 1314 2421; baseline -0.001 -16"><span class='ocrx_word' id='word_1_144' title='bbox 193 2345 315 2405; x_wconf 86' lang='lat' dir='ltr'><strong>tentiam</strong></span> <span class='ocrx_word' id='word_1_145' title='bbox 338 2344 462 2421; x_wconf 90' lang='lat' dir='ltr'><strong>pedibus</strong></span> <span class='ocrx_word' id='word_1_146' title='bbox 489 2344 544 2405; x_wconf 86' lang='lat' dir='ltr'><strong>ivit</strong></span> <span class='ocrx_word' id='word_1_147' title='bbox 568 2343 675 2402; x_wconf 88' lang='lat' dir='ltr'><strong>Daniel</strong></span> <span class='ocrx_word' id='word_1_148' title='bbox 700 2343 839 2402; x_wconf 85' lang='lat' dir='ltr'><strong>Heinsius</strong></span> <span class='ocrx_word' id='word_1_149' title='bbox 865 2343 1014 2402; x_wconf 89' lang='lat' dir='ltr'><strong>scribens:</strong></span> <span class='ocrx_word' id='word_1_150' title='bbox 1045 2343 1109 2416; x_wconf 84' lang='lat' dir='ltr'><strong>,ita</strong></span> <span class='ocrx_word' id='word_1_151' title='bbox 1130 2343 1287 2421; x_wconf 87' lang='lat' dir='ltr'><strong>languent,</strong></span> <span class='ocrx_word' id='word_1_152' title='bbox 1313 2409 1314 2412; x_wconf 46' lang='lat'><strong>,</strong></span> 
     </span>
     <span class='ocr_line' id='line_1_20' title="bbox 193 2417 1314 2524; baseline 0 -20"><span class='ocrx_word' id='word_1_153' title='bbox 193 2450 241 2505; x_wconf 70' lang='lat' dir='ltr'><strong>ut‘</strong></span> <span class='ocrx_word' id='word_1_154' title='bbox 262 2463 299 2506; x_wconf 91' lang='lat' dir='ltr'><strong>ne</strong></span> <span class='ocrx_word' id='word_1_155' title='bbox 329 2444 386 2506; x_wconf 88' lang='lat' dir='ltr'><strong>hae</strong></span> <span class='ocrx_word' id='word_1_156' title='bbox 416 2450 512 2506; x_wconf 91' lang='lat' dir='ltr'><strong>aetate</strong></span> <span class='ocrx_word' id='word_1_157' title='bbox 543 2445 661 2522; x_wconf 91' lang='lat' dir='ltr'><strong>quidem</strong></span> <span class='ocrx_word' id='word_1_158' title='bbox 692 2445 816 2522; x_wconf 88' lang='lat' dir='ltr'><strong>scriptas</strong></span> <span class='ocrx_word' id='word_1_159' title='bbox 848 2443 924 2504; x_wconf 82' lang='lat' dir='ltr'><strong>ferre</strong></span> <span class='ocrx_word' id='word_1_160' title='bbox 951 2445 1097 2522; x_wconf 86' lang='lat' dir='ltr'><strong>possem.&#39;&#39;</strong></span> <span class='ocrx_word' id='word_1_161' title='bbox 1138 2444 1287 2524; x_wconf 83' lang='lat' dir='ltr'><strong>Scaliger,</strong></span> <span class='ocrx_word' id='word_1_162' title='bbox 1313 2417 1314 2461; x_wconf 51' lang='lat' dir='ltr'><strong>l</strong></span> 
     </span>
     <span class='ocr_line' id='line_1_21' title="bbox 194 2547 1287 2628; baseline 0 -19"><span class='ocrx_word' id='word_1_163' title='bbox 194 2549 332 2610; x_wconf 84' lang='lat' dir='ltr'><strong>Nicolaus</strong></span> <span class='ocrx_word' id='word_1_164' title='bbox 362 2549 515 2628; x_wconf 89' lang='lat' dir='ltr'><strong>Heinsius,</strong></span> <span class='ocrx_word' id='word_1_165' title='bbox 546 2548 715 2625; x_wconf 87' lang='lat' dir='ltr'><strong>Lennepius</strong></span> <span class='ocrx_word' id='word_1_166' title='bbox 744 2549 775 2608; x_wconf 92' lang='lat' dir='ltr'><strong>in</strong></span> <span class='ocrx_word' id='word_1_167' title='bbox 801 2548 861 2608; x_wconf 90' lang='lat' dir='ltr'><strong>alia</strong></span> <span class='ocrx_word' id='word_1_168' title='bbox 882 2547 1088 2608; x_wconf 85' lang='lat' dir='ltr'><strong>discesserunt</strong></span> <span class='ocrx_word' id='word_1_169' title='bbox 1129 2547 1188 2608; x_wconf 83' lang='lat' dir='ltr'><strong>Sed</strong></span> <span class='ocrx_word' id='word_1_170' title='bbox 1209 2566 1287 2609; x_wconf 87' lang='lat' dir='ltr'><strong>anno</strong></span> 
     </span>
     <span class='ocr_line' id='line_1_22' title="bbox 193 2649 1313 2743; baseline -0.001 -30"><span class='ocrx_word' id='word_1_171' title='bbox 193 2651 468 2714; x_wconf 81' lang='lat' dir='ltr'>MDGGGXXXVII</span> <span class='ocrx_word' id='word_1_172' title='bbox 493 2651 560 2713; x_wconf 86' lang='lat' dir='ltr'><strong>Otto</strong></span> <span class='ocrx_word' id='word_1_173' title='bbox 585 2651 710 2712; x_wconf 90' lang='lat' dir='ltr'><strong>Jahnius</strong></span> <span class='ocrx_word' id='word_1_174' title='bbox 731 2652 842 2712; x_wconf 89' lang='lat' dir='ltr'><strong>monuit</strong></span> <span class='ocrx_word' id='word_1_175' title='bbox 862 2651 1036 2728; x_wconf 85' lang='lat' dir='ltr'><strong>compositas</strong></span> <span class='ocrx_word' id='word_1_176' title='bbox 1057 2649 1147 2712; x_wconf 82' lang='lat' dir='ltr'><strong>fuisse</strong></span> <span class='ocrx_word' id='word_1_177' title='bbox 1165 2650 1204 2711; x_wconf 89' lang='lat' dir='ltr'><strong>ab</strong></span> <span class='ocrx_word' id='word_1_178' title='bbox 1224 2651 1286 2712; x_wconf 86' lang='lat' dir='ltr'><strong>An·</strong></span> <span class='ocrx_word' id='word_1_179' title='bbox 1312 2667 1313 2743; x_wconf 52' lang='lat' dir='ltr'><strong>r</strong></span> 
     </span>
     <span class='ocr_line' id='line_1_23' title="bbox 194 2753 1286 2835; baseline -0.004 -18"><span class='ocrx_word' id='word_1_180' title='bbox 194 2757 261 2833; x_wconf 87' lang='lat' dir='ltr'><strong>gelo</strong></span> <span class='ocrx_word' id='word_1_181' title='bbox 276 2756 397 2830; x_wconf 79' lang='lat' dir='ltr'><strong>Quirino</strong></span> <span class='ocrx_word' id='word_1_182' title='bbox 412 2757 534 2835; x_wconf 82' lang='lat' dir='ltr'><strong>Sabino,</strong></span> <span class='ocrx_word' id='word_1_183' title='bbox 556 2756 669 2817; x_wconf 90' lang='lat' dir='ltr'><strong>erudito</strong></span> <span class='ocrx_word' id='word_1_184' title='bbox 690 2755 753 2816; x_wconf 87' lang='lat' dir='ltr'><strong>viro</strong></span> <span class='ocrx_word' id='word_1_185' title='bbox 775 2773 894 2816; x_wconf 87' lang='lat' dir='ltr'><strong>romano</strong></span> <span class='ocrx_word' id='word_1_186' title='bbox 914 2755 965 2831; x_wconf 93' lang='lat' dir='ltr'><strong>qui</strong></span> <span class='ocrx_word' id='word_1_187' title='bbox 986 2754 1083 2815; x_wconf 89' lang='lat' dir='ltr'><strong>floruit</strong></span> <span class='ocrx_word' id='word_1_188' title='bbox 1102 2755 1219 2815; x_wconf 89' lang='lat' dir='ltr'><strong>saeculo</strong></span> <span class='ocrx_word' id='word_1_189' title='bbox 1229 2753 1286 2814; x_wconf 86' lang='lat' dir='ltr'><strong>XV</strong></span> 
     </span>
     <span class='ocr_line' id='line_1_24' title="bbox 194 2855 1287 2936; baseline -0.003 -16"><span class='ocrx_word' id='word_1_190' title='bbox 194 2875 369 2936; x_wconf 84' lang='lat' dir='ltr'><strong>operamque</strong></span> <span class='ocrx_word' id='word_1_191' title='bbox 393 2860 425 2920; x_wconf 91' lang='lat' dir='ltr'><strong>in</strong></span> <span class='ocrx_word' id='word_1_192' title='bbox 450 2859 599 2919; x_wconf 89' lang='lat' dir='ltr'><strong>veteribus</strong></span> <span class='ocrx_word' id='word_1_193' title='bbox 624 2857 813 2934; x_wconf 83' lang='lat' dir='ltr'><strong>scriptoribus</strong></span> <span class='ocrx_word' id='word_1_194' title='bbox 842 2855 1026 2934; x_wconf 89' lang='lat' dir='ltr'><strong>expoliendis</strong></span> <span class='ocrx_word' id='word_1_195' title='bbox 1053 2861 1141 2933; x_wconf 90' lang='lat' dir='ltr'><strong>atque</strong></span> <span class='ocrx_word' id='word_1_196' title='bbox 1162 2857 1287 2918; x_wconf 91' lang='lat' dir='ltr'><strong>edendis</strong></span> 
     </span>
     <span class='ocr_line' id='line_1_25' title="bbox 195 2957 1286 3038; baseline -0.003 -17"><span class='ocrx_word' id='word_1_197' title='bbox 195 2960 285 3023; x_wconf 85' lang='lat' dir='ltr'><strong>dedit</strong></span> <span class='ocrx_word' id='word_1_198' title='bbox 313 2960 444 3038; x_wconf 83' lang='lat' dir='ltr'><strong>Angelus</strong></span> <span class='ocrx_word' id='word_1_199' title='bbox 459 2959 597 3035; x_wconf 79' lang='lat' dir='ltr'><strong>Quirinus</strong></span> <span class='ocrx_word' id='word_1_200' title='bbox 615 2959 741 3020; x_wconf 82' lang='lat' dir='ltr'><strong>Sabinus</strong></span> <span class='ocrx_word' id='word_1_201' title='bbox 759 2960 790 3020; x_wconf 94' lang='lat' dir='ltr'><strong>in</strong></span> <span class='ocrx_word' id='word_1_202' title='bbox 812 2959 975 3020; x_wconf 83' lang='lat' dir='ltr'><strong>Porodonis</strong></span> <span class='ocrx_word' id='word_1_203' title='bbox 990 2958 1022 3018; x_wconf 84' lang='lat' dir='ltr'><strong>in</strong></span> <span class='ocrx_word' id='word_1_204' title='bbox 1038 2957 1173 3018; x_wconf 76' lang='lat' dir='ltr'><strong>decennii</strong></span> <span class='ocrx_word' id='word_1_205' title='bbox 1193 2961 1286 3038; x_wconf 91' lang='lat' dir='ltr'><strong>scrip·</strong></span> 
     </span>
     <span class='ocr_line' id='line_1_26' title="bbox 195 3059 1311 3143; baseline -0.002 -18"><span class='ocrx_word' id='word_1_206' title='bbox 195 3070 289 3126; x_wconf 89' lang='lat' dir='ltr'><strong>serat:</strong></span> <span class='ocrx_word' id='word_1_207' title='bbox 320 3064 417 3140; x_wconf 84' lang='lat' dir='ltr'><strong>,Cum</strong></span> <span class='ocrx_word' id='word_1_208' title='bbox 436 3083 490 3143; x_wconf 92' lang='lat' dir='ltr'><strong>per</strong></span> <span class='ocrx_word' id='word_1_209' title='bbox 509 3066 585 3125; x_wconf 89' lang='lat' dir='ltr'><strong>acris</strong></span> <span class='ocrx_word' id='word_1_210' title='bbox 609 3064 813 3141; x_wconf 90' lang='lat' dir='ltr'><strong>intemperiem</strong></span> <span class='ocrx_word' id='word_1_211' title='bbox 834 3063 872 3123; x_wconf 86' lang='lat' dir='ltr'><strong>ab</strong></span> <span class='ocrx_word' id='word_1_212' title='bbox 894 3062 974 3122; x_wconf 89' lang='lat' dir='ltr'><strong>Urbe</strong></span> <span class='ocrx_word' id='word_1_213' title='bbox 996 3061 1089 3121; x_wconf 84' lang='lat' dir='ltr'><strong>Roma</strong></span> <span class='ocrx_word' id='word_1_214' title='bbox 1109 3061 1141 3120; x_wconf 94' lang='lat' dir='ltr'><strong>in</strong></span> <span class='ocrx_word' id='word_1_215' title='bbox 1161 3059 1286 3123; x_wconf 85' lang='lat' dir='ltr'><strong>Sabinos</strong></span> <span class='ocrx_word' id='word_1_216' title='bbox 1310 3133 1311 3140; x_wconf 8' lang='grc' dir='ltr'>χ</span> 
     </span>
     <span class='ocr_line' id='line_1_27' title="bbox 136 3163 1287 3248; baseline -0.006 -18"><span class='ocrx_word' id='word_1_217' title='bbox 136 3243 138 3248; x_wconf 23' lang='grc' dir='ltr'>Ι</span> <span class='ocrx_word' id='word_1_218' title='bbox 194 3167 286 3230; x_wconf 77' lang='lat' dir='ltr'><strong>Cures</strong></span> <span class='ocrx_word' id='word_1_219' title='bbox 305 3186 352 3229; x_wconf 89' lang='lat' dir='ltr'><strong>me</strong></span> <span class='ocrx_word' id='word_1_220' title='bbox 372 3169 539 3246; x_wconf 87' lang='lat' dir='ltr'><strong>recepissen</strong></span> <span class='ocrx_word' id='word_1_221' title='bbox 561 3166 780 3246; x_wconf 82' lang='lat' dir='ltr'><strong>beroidibusqoe</strong></span> <span class='ocrx_word' id='word_1_222' title='bbox 798 3166 927 3227; x_wconf 82' lang='lat' dir='ltr'><strong>Nasonis</strong></span> <span class='ocrx_word' id='word_1_223' title='bbox 945 3173 1047 3245; x_wconf 85' lang='lat' dir='ltr'><strong>poetae</strong></span> <span class='ocrx_word' id='word_1_224' title='bbox 1062 3163 1166 3242; x_wconf 75' lang='lat' dir='ltr'><strong>inclyti</strong></span> <span class='ocrx_word' id='word_1_225' title='bbox 1183 3164 1287 3224; x_wconf 83' lang='lat' dir='ltr'><strong>bernus</strong></span> 
     </span>
    </p>

    <p class='ocr_par' dir='ltr' id='par_1_5' title="bbox 194 3268 1310 3452">
     <span class='ocr_line' id='line_1_28' title="bbox 194 3268 1286 3350; baseline -0.001 -20"><span class='ocrx_word' id='word_1_226' title='bbox 194 3271 396 3348; x_wconf 82' lang='lat' dir='ltr'><strong>respondentes</strong></span> <span class='ocrx_word' id='word_1_227' title='bbox 410 3273 537 3350; x_wconf 77' lang='lat' dir='ltr'><strong>facerem</strong></span> <span class='ocrx_word' id='word_1_228' title='bbox 557 3271 639 3332; x_wconf 83' lang='lat' dir='ltr'><strong>venit</strong></span> <span class='ocrx_word' id='word_1_229' title='bbox 658 3271 734 3332; x_wconf 88' lang='lat' dir='ltr'><strong>eto.”</strong></span> <span class='ocrx_word' id='word_1_230' title='bbox 755 3269 843 3331; x_wconf 89' lang='lat' dir='ltr'><strong>Istius</strong></span> <span class='ocrx_word' id='word_1_231' title='bbox 867 3270 998 3330; x_wconf 87' lang='lat' dir='ltr'><strong>carmina</strong></span> <span class='ocrx_word' id='word_1_232' title='bbox 1017 3270 1125 3330; x_wconf 90' lang='lat' dir='ltr'><strong>Veneti</strong></span> <span class='ocrx_word' id='word_1_233' title='bbox 1145 3268 1286 3341; x_wconf 85' lang='lat' dir='ltr'><strong>editores,</strong></span> 
     </span>
     <span class='ocr_line' id='line_1_29' title="bbox 195 3372 1310 3452; baseline -0.001 -17"><span class='ocrx_word' id='word_1_234' title='bbox 195 3375 299 3452; x_wconf 89' lang='lat' dir='ltr'><strong>quovis</strong></span> <span class='ocrx_word' id='word_1_235' title='bbox 318 3373 403 3434; x_wconf 89' lang='lat' dir='ltr'><strong>modo</strong></span> <span class='ocrx_word' id='word_1_236' title='bbox 423 3374 559 3452; x_wconf 90' lang='lat' dir='ltr'><strong>decepti,</strong></span> <span class='ocrx_word' id='word_1_237' title='bbox 585 3374 677 3434; x_wconf 89' lang='lat' dir='ltr'><strong>veluti</strong></span> <span class='ocrx_word' id='word_1_238' title='bbox 698 3373 811 3450; x_wconf 90' lang='lat' dir='ltr'><strong>antiqui</strong></span> <span class='ocrx_word' id='word_1_239' title='bbox 833 3372 937 3434; x_wconf 84' lang='lat' dir='ltr'><strong>Sabini</strong></span> <span class='ocrx_word' id='word_1_240' title='bbox 957 3391 1030 3450; x_wconf 90' lang='lat' dir='ltr'><strong>opus</strong></span> <span class='ocrx_word' id='word_1_241' title='bbox 1050 3374 1256 3450; x_wconf 83' lang='lat' dir='ltr'><strong>vulgaverunt</strong></span> <span class='ocrx_word' id='word_1_242' title='bbox 1274 3373 1282 3413; x_wconf 93' lang='lat'><strong>¹</strong></span> <span class='ocrx_word' id='word_1_243' title='bbox 1309 3395 1310 3426; x_wconf 63' lang='lat' dir='ltr'><strong>n</strong></span> 
     </span>
    </p>
   </div>
   <div class='ocr_carea' id='block_1_5' title="bbox 232 3585 1286 3656">
    <p class='ocr_par' dir='ltr' id='par_1_6' title="bbox 232 3585 1286 3656">
     <span class='ocr_line' id='line_1_30' title="bbox 232 3585 1286 3656; baseline 0.002 -20"><span class='ocrx_word' id='word_1_244' title='bbox 232 3592 240 3620; x_wconf 91' lang='lat'><strong>¹</strong></span> <span class='ocrx_word' id='word_1_245' title='bbox 279 3588 337 3636; x_wconf 87' lang='lat' dir='ltr'><strong>Otto</strong></span> <span class='ocrx_word' id='word_1_246' title='bbox 353 3585 453 3636; x_wconf 83' lang='lat' dir='ltr'><strong>Jahnius</strong></span> <span class='ocrx_word' id='word_1_247' title='bbox 470 3585 586 3636; x_wconf 81' lang='lat' dir='ltr'><strong>dubitavit</strong></span> <span class='ocrx_word' id='word_1_248' title='bbox 601 3602 631 3637; x_wconf 78' lang='lat' dir='ltr'><strong>an</strong></span> <span class='ocrx_word' id='word_1_249' title='bbox 648 3587 767 3654; x_wconf 78' lang='lat' dir='ltr'><strong>Epistulae</strong></span> <span class='ocrx_word' id='word_1_250' title='bbox 785 3588 880 3654; x_wconf 79' lang='lat' dir='ltr'><strong>Quirini</strong></span> <span class='ocrx_word' id='word_1_251' title='bbox 897 3587 977 3638; x_wconf 85' lang='lat' dir='ltr'><strong>Sabini</strong></span> <span class='ocrx_word' id='word_1_252' title='bbox 996 3605 1041 3638; x_wconf 88' lang='lat' dir='ltr'><strong>non</strong></span> <span class='ocrx_word' id='word_1_253' title='bbox 1057 3589 1184 3656; x_wconf 81' lang='lat' dir='ltr'><strong>impressae</strong></span> <span class='ocrx_word' id='word_1_254' title='bbox 1199 3591 1286 3640; x_wconf 74' lang='lat' dir='ltr'><strong>inierint</strong></span> 
     </span>
    </p>
   </div>
   <div class='ocr_carea' id='block_1_6' title="bbox 195 3674 1285 3819">
    <p class='ocr_par' dir='ltr' id='par_1_7' title="bbox 195 3674 1285 3819">
     <span class='ocr_line' id='line_1_31' title="bbox 195 3674 1285 3745; baseline 0.003 -19"><span class='ocrx_word' id='word_1_255' title='bbox 195 3675 219 3726; x_wconf 88' lang='lat' dir='ltr'><strong>in</strong></span> <span class='ocrx_word' id='word_1_256' title='bbox 236 3674 334 3726; x_wconf 84' lang='lat' dir='ltr'><strong>editione</strong></span> <span class='ocrx_word' id='word_1_257' title='bbox 350 3675 467 3724; x_wconf 80' lang='lat' dir='ltr'><strong>Ammiani</strong></span> <span class='ocrx_word' id='word_1_258' title='bbox 484 3674 616 3724; x_wconf 79' lang='lat' dir='ltr'><strong>Marcellini</strong></span> <span class='ocrx_word' id='word_1_259' title='bbox 631 3691 675 3739; x_wconf 82' lang='lat' dir='ltr'><strong>per</strong></span> <span class='ocrx_word' id='word_1_260' title='bbox 693 3677 722 3726; x_wconf 84' lang='lat' dir='ltr'><strong>A.</strong></span> <span class='ocrx_word' id='word_1_261' title='bbox 740 3676 1285 3745; x_wconf 73' lang='lat' dir='ltr'><strong>Sabinsml’oe.daar.(llomuc1474,typis</strong></span> 
     </span>
     <span class='ocr_line' id='line_1_32' title="bbox 195 3757 1283 3819; baseline 0.002 -11"><span class='ocrx_word' id='word_1_262' title='bbox 195 3757 294 3808; x_wconf 68' lang='lat' dir='ltr'><strong>duhel</strong></span> <span class='ocrx_word' id='word_1_263' title='bbox 315 3757 345 3808; x_wconf 81' lang='lat' dir='ltr'><strong>de</strong></span> <span class='ocrx_word' id='word_1_264' title='bbox 368 3757 509 3808; x_wconf 61' lang='lat' dir='ltr'><strong>memet</strong></span> <span class='ocrx_word' id='word_1_265' title='bbox 529 3761 554 3806; x_wconf 81' lang='lat' dir='ltr'><strong>et</strong></span> <span class='ocrx_word' id='word_1_266' title='bbox 572 3757 742 3809; x_wconf 74' lang='lat' dir='ltr'><strong>Bartholomei</strong></span> <span class='ocrx_word' id='word_1_267' title='bbox 767 3758 872 3819; x_wconf 71' lang='lat' dir='ltr'><strong>(lohel).</strong></span> <span class='ocrx_word' id='word_1_268' title='bbox 905 3759 1007 3808; x_wconf 79' lang='lat' dir='ltr'><strong>Aliirmo</strong></span> <span class='ocrx_word' id='word_1_269' title='bbox 1027 3758 1053 3807; x_wconf 89' lang='lat' dir='ltr'><strong>in</strong></span> <span class='ocrx_word' id='word_1_270' title='bbox 1069 3757 1110 3809; x_wconf 87' lang='lat' dir='ltr'><strong>ills</strong></span> <span class='ocrx_word' id='word_1_271' title='bbox 1125 3759 1224 3811; x_wconf 89' lang='lat' dir='ltr'><strong>editions</strong></span> <span class='ocrx_word' id='word_1_272' title='bbox 1240 3777 1283 3810; x_wconf 89' lang='lat' dir='ltr'><strong>non</strong></span> 
     </span>
    </p>
   </div>
   <div class='ocr_carea' id='block_1_7' title="bbox 0 0 1325 4400">
    <p class='ocr_par' dir='ltr' id='par_1_8' title="bbox 0 0 1325 4400">
     <span class='ocr_line' id='line_1_33' title="bbox 0 0 1325 4400; baseline 0 0"><span class='ocrx_word' id='word_1_273' title='bbox 0 0 1325 4400; x_wconf 95' lang='lat' dir='ltr'><strong> </strong></span> 
     </span>
    </p>
   </div>
  </div>
 </body>
</html>
