2624 4398
298 569 332 652 S.
373 569 586 650 llUlilllll
618 567 897 651 PROPlllllll

194 847 989 937 OYN'PHIA.

380 1139 529 1198 bruun
556 1136 805 1199 suevum.

422 1642 450 1708 E
473 1641 501 1707 L
523 1641 552 1707 E
577 1639 607 1707 G
629 1641 647 1706 I
669 1641 699 1707 Α
744 1643 770 1707 I.

136 1799 221 1864 (Codd.
240 1799 254 1847 1
273 1801 296 1848 et
313 1797 358 1857 13,
376 1797 458 1848 Burm.
477 1798 490 1847 1
508 1798 595 1856 et10,
612 1797 656 1856 11;
673 1798 770 1847 Lacbm.
790 1799 816 1858 1,
835 1796 879 1858 ΙΙ,
896 1799 920 1847 et
936 1798 966 1857 3,
983 1796 1045 1860 ΙΙΙ.)

72 1933 174 2000 Elegia,
197 1949 211 1982 a
233 1949 280 1999 qua
301 1933 386 1999 incipit
407 1933 460 1982 Lib.
484 1935 534 1982 Sec.
559 1933 632 1982 Codd.
655 1933 771 1992 continet,
796 1938 888 2000 praeter
909 1951 989 1985 versus
1013 1935 1108 1994 1-16,

107 2017 229 2079 integram
243 2031 335 2080 qnoque
349 2015 445 2079 elegiam
459 2016 502 2064 Ad
514 2015 675 2064 Maecenatem
689 2016 795 2080 proxime
803 2015 988 2082 subsequentem.
1006 2018 1107 2082 Proper-

107 2097 171 2154 tius,
185 2095 315 2144 clarissimo
331 2097 491 2146 Romanomm
503 2095 618 2162 Equitum
631 2111 723 2146 carmen
732 2097 872 2156 inscribens,
886 2114 1005 2164 nunquam
1012 2097 1110 2148 dixisset

112 2178 259 2234 Quaeritis?
285 2179 368 2242 Neque
393 2179 467 2228 hilare
489 2177 664 2243 jucundumque
689 2179 810 2228 exordium
832 2181 951 2246 perpetuis
974 2183 998 2230 et
1019 2179 1110 2230 miseris

108 2261 265 2327 querimoniis
282 2259 462 2325 praeposuisset.
488 2259 526 2309 Ad
541 2275 592 2309 rem
609 2259 670 2324 quod
688 2261 784 2320 attinet,
801 2277 869 2311 namo
886 2263 945 2312 mihi
961 2261 1108 2328 persuadebit

109 2345 218 2409 poetam,
236 2341 312 2390 adhuc
326 2341 405 2407 prima
423 2347 503 2391 aetate
519 2343 640 2391 florentem
657 2346 681 2391 et
697 2346 750 2391 tum
762 2343 882 2408 nequitiae
896 2349 979 2409 caput,
997 2344 1109 2409 insaniem

106 2441 152 2490 per
169 2429 244 2474 totam
261 2424 341 2473 arbem
359 2424 397 2486 (el.
416 2425 448 2485 V)
468 2425 530 2490 Imp.
548 2424 651 2488 Augusti
667 2423 740 2473 sodali
753 2423 840 2475 librum
853 2426 1022 2491 nuncupavisse
1027 2445 1034 2484 ;
1052 2426 1108 2475 satis

108 2510 174 2565 erat,
198 2507 220 2556 si
240 2505 302 2556 alter
323 2506 465 2572 poematium
486 2505 591 2556 mitteret
606 2506 745 2565 verecunde,
763 2507 822 2556 alter
837 2508 971 2558 humaniter
987 2509 1108 2574 acciperet.

110 2591 200 2640 Contra
220 2604 302 2639 verens
320 2590 432 2648 17-32,
455 2604 513 2654 qnos
530 2587 604 2637 Codd.
623 2587 707 2653 elegiae
725 2587 784 2638 XXI
802 2589 870 2639 Libri
886 2590 959 2640 Tertii
974 2593 1109 2656 portentose

109 2671 256 2735 praefigunt,
273 2669 406 2735 proemium
423 2669 523 2720 Secundi
539 2669 606 2719 Libri
622 2671 720 2736 pulchre
736 2671 867 2724 absolvunt.

165 2801 332 2880 Quaeritis,
353 2802 431 2863 unde
451 2803 525 2864 mihi
546 2806 633 2866 toties
654 2806 818 2868 scribantur
838 2825 966 2886 amores,

206 2907 294 2967 Unde
314 2924 396 2968 meus
416 2909 517 2970 veniat
536 2911 633 2971 mollis
654 2911 685 2971 in
705 2929 755 2972 oro
775 2911 874 2971 liber?

165 3010 232 3071 Non
251 3008 326 3071 haec
346 3009 494 3092 Calliope,
514 3032 572 3074 non
593 3013 666 3075 haec
686 3014 759 3074 mihi
779 3020 878 3076 cantat
896 3014 1019 3094 Apollo:

205 3114 360 3192 Ingenium
380 3115 464 3176 nobis
484 3117 549 3194 ipsa
568 3119 668 3194 puella
687 3118 766 3178 fecit.

167 3215 236 3277 Sive
257 3218 341 3294 lyrae
361 3235 481 3278 carmen
500 3218 603 3295 digitis
622 3221 767 3297 percussit
786 3221 905 3283 eburnis
1121 3226 1140 3285 5

206 3319 374 3400 (Miramur,
396 3321 499 3383 faciles
519 3326 553 3382 ut
572 3329 688 3400 promat
708 3328 770 3385 arto
790 3325 922 3407 manns);

167 3419 225 3482 Seu
245 3422 309 3482 vidi
330 3424 368 3485 ad
387 3423 513 3485 frontem
534 3443 650 3503 sparsos
671 3443 768 3486 errare
789 3428 911 3505 capillos

207 3523 338 3606 (Gaudet
359 3528 488 3589 laudatis
508 3529 551 3589 ire
572 3530 699 3606 superba
719 3530 837 3613 comis);

166 3627 241 3710 Seu,
262 3647 328 3691 cum
349 3636 505 3710 poscentes
525 3651 659 3695 somnum
679 3633 808 3694 declinat
828 3637 951 3716 ocellos,

206 3735 329 3798 Invenio
350 3756 454 3800 causas
474 3739 555 3800 mille
575 3742 662 3818 poeta
681 3757 781 3803 novas.
1101 3741 1140 3803 10
