2642 4396
701 387 760 446 190

301 559 378 620 Hinc
398 559 489 620 animi
508 577 616 620 venere
635 560 711 620 Deci
730 560 872 638 Brutique
892 578 1026 641 secures,
1229 567 1260 625 45

341 663 432 725 Vexit
451 669 481 724 et
501 666 567 744 ipsa
586 666 632 726 sui
653 663 788 727 Caesaris
809 685 891 726 arma
911 667 1028 745 Venus,

299 765 391 827 Arma
409 768 590 844 resurgentis
609 772 730 845 portans
749 769 885 830 victricia
905 769 1034 847 Trojae:

339 870 426 931 Felix
445 874 525 931 terra
543 875 609 932 tuos
628 872 723 952 cepit,
744 872 826 951 Iule,
847 872 934 952 deos3

299 973 340 1066 Si*
352 975 438 1048 modo
457 974 614 1037 Avernalis
634 978 778 1038 tremulae
799 978 913 1038 cortina
933 975 1067 1054 Sibyllae

338 1076 424 1137 Dixit
442 1075 590 1138 Aventino
608 1093 678 1138 rura
696 1077 807 1157 pianda
826 1079 934 1158 Remo,
1234 1081 1265 1138 50

297 1177 359 1240 Ant
378 1179 405 1239 si
424 1179 604 1256 Pergameae
624 1197 689 1241 sero
708 1185 775 1241 rata
795 1183 925 1242 carmina
945 1182 1024 1242 vatis

337 1282 529 1359 Longaevum
549 1283 588 1342 ad
608 1283 720 1343 Priami
739 1301 812 1344 vera
831 1283 913 1345 fuere
934 1289 1038 1362 caput:

301 1386 438 1460 „Vertite
459 1404 580 1467 equum,
601 1388 715 1466 Danai,
735 1388 813 1448 male
833 1387 968 1450 vincitis:
989 1389 1047 1449 Ilia
1067 1389 1156 1450 tellus

341 1489 468 1568 „Vivet,
490 1494 520 1549 et
539 1489 609 1550 huic
630 1490 721 1550 cineri
740 1491 878 1566 luppiter
898 1509 981 1551 arma
1000 1491 1113 1551 dabit''

297 1591 417 1672 Optima
436 1593 581 1654 nutricum
600 1593 708 1654 nostris
728 1592 799 1669 lupa
818 1593 927 1654 Martia
946 1594 1052 1673 rebus,
1231 1595 1262 1652 55

338 1695 446 1772 Qualia
466 1702 620 1758 creverunt
639 1697 755 1758 moenia
774 1699 851 1758 lacte
871 1700 939 1759 tuo!

296 1802 414 1862 Moenia
433 1819 560 1878 namque
580 1801 629 1878 pio
650 1819 737 1861 conor
757 1800 917 1878 disponere
932 1818 1035 1862 versu:

337 1906 395 1965 Hei
414 1905 504 1983 milri,
525 1903 603 1981 quod
622 1908 721 1964 nostro
742 1907 788 1964 est
807 1921 916 1980 parvus
937 1903 968 1962 in
988 1921 1037 1963 ore
1058 1905 1164 1964 sonus!

297 2007 356 2070 Sed
375 2013 475 2069 tamen
495 2009 602 2084 exiguo
622 2007 825 2084 quodcumque
846 2026 863 2066 e
883 2012 1001 2083 pectore
1022 2008 1079 2067 rivi

336 2113 486 2190 Fluxerit,
507 2112 562 2173 hoc
582 2113 696 2189 patriae
717 2112 827 2172 serviet
846 2128 931 2172 omne
951 2129 1044 2173 meae.
1230 2112 1262 2171 60

296 2217 409 2277 Ennius
429 2216 543 2276 hirsuta
563 2215 663 2291 cingat
683 2232 737 2275 sua
757 2215 837 2274 dicta
858 2233 982 2276 corona:

335 2320 377 2379 Mi
397 2318 468 2379 folia
490 2336 527 2378 ex
547 2318 659 2378 hedera
677 2317 809 2397 porrige,
830 2317 963 2398 Bacche,
983 2323 1052 2398 tua,

296 2423 337 2483 Ut
356 2423 464 2484 nostris
483 2421 643 2482 tumefacta
664 2421 815 2499 superbiat
835 2423 958 2482 Umbria
978 2422 1078 2501 libris,

336 2527 458 2588 Umbria
477 2529 608 2588 Romano
629 2527 726 2603 patria
746 2525 936 2587 Callimacho.

296 2628 477 2692 Scandentes
497 2633 523 2692 si
544 2632 612 2708 quis
632 2634 733 2691 cernet
752 2631 789 2690 de
810 2630 938 2691 vallibus
959 2649 1058 2708 arces,
1229 2629 1260 2689 65

334 2734 458 2811 Ingenio
477 2753 574 2796 muros
595 2735 732 2795 aestimet
753 2733 804 2794 ille
825 2752 899 2795 meo.
1303 2731 1304 2776 l

295 2837 404 2918 Roma,
424 2837 504 2918 fave,
525 2840 580 2899 tibi
601 2839 697 2915 surgit
717 2856 805 2918 opus,
827 2838 896 2898 date
917 2838 1044 2899 candida
1064 2837 1145 2900 cives

334 2939 457 3021 Omina,
478 2945 508 3002 et
528 2942 653 3018 inceptis
674 2941 797 3002 dextera
817 2946 916 3002 cantet
936 2943 1010 3003 avis.

210 3115 255 3173 19,
272 3114 312 3164 20.
347 3114 469 3164 Distichon
491 3113 646 3180 perobsurum
667 3114 815 3180 nondumque
832 3113 889 3164 satia
906 3114 1059 3164 illustratum.
1086 3115 1170 3166 Pelius
1186 3113 1259 3164 solem·

174 3194 213 3243 nia
237 3211 315 3244 mense
340 3196 417 3261 Aprili
442 3194 619 3245 celebrabantur
641 3195 757 3261 congestis
779 3212 833 3245 oum
855 3198 923 3245 foeno
947 3197 1053 3263 stipulis,
1071 3197 1155 3263 quibua
1170 3194 1261 3246 accende
1304 3257 1305 3266 ἵ

174 3277 256 3328 rustici
272 3293 314 3344 per
330 3277 408 3343 ignem
424 3277 595 3327 transiliebant.
621 3279 704 3328 Mense
721 3281 800 3327 summ
818 3277 917 3327 Octobri
935 3295 1006 3343 equus
1022 3280 1098 3329 Marti
1106 3278 1259 3330 immolabatur

173 3359 198 3408 in
215 3375 297 3426 eampo
314 3361 417 3420 Martio,
435 3360 473 3410 cui
490 3363 561 3427 caput
577 3363 601 3410 et
617 3361 690 3410 cauda
706 3358 901 3410 abscindebantur
916 3359 988 3426 inque
1003 3362 1102 3428 Regiam
1110 3362 1260 3413 dafcrebmtur
1304 3401 1305 3408 ,

173 3441 286 3507 sanguine
301 3443 376 3492 adhuc
392 3443 532 3493 destillante.
558 3445 666 3492 Duorum
683 3459 802 3494 sacrorum
819 3443 995 3508 simplicitatem
1012 3448 1081 3510 poeta
1097 3444 1190 3494 laudme
1204 3443 1258 3492 oide-
1303 3433 1305 3498 1

173 3528 221 3575 tur.
256 3523 300 3572 Sed
322 3524 382 3574 nihil
397 3526 423 3574 iu
439 3525 488 3574 ritu
505 3524 617 3574 Octobris
634 3525 798 3576 lustrationem
815 3524 881 3574 urbis
897 3526 985 3591 arguit.
1021 3527 1101 3592 Igitur
1118 3543 1171 3576 cum
1187 3527 1258 3574 Passa·
1304 3539 1305 3590 j

173 3607 246 3666 ratio,
272 3607 344 3656 donec
366 3607 492 3673 quidquam
518 3607 600 3658 melius
624 3608 734 3674 prodeat,
760 3607 867 3673 intelligo
894 3609 1024 3658 censionem
1049 3609 1164 3674 Equitum
1187 3605 1257 3657 lustri·

172 3706 238 3750 carn,
264 3689 313 3739 sive
337 3690 562 3756 quinquennualam,
588 3695 612 3741 et
635 3698 727 3742 curtum
749 3707 834 3756 equum
857 3691 917 3750 diei,
943 3691 1017 3755 uquia
1038 3691 1058 3740 is
1080 3691 1151 3741 suerit
1173 3689 1223 3740 clim
1238 3687 1257 3735 in
1304 3707 1305 3750 q

172 3771 274 3831 deliciis,
298 3775 326 3821 ut
347 3777 372 3821 et
395 3773 455 3823 curti
479 3773 552 3831 muli,
570 3777 594 3822 et
611 3789 672 3823 nune
689 3773 742 3838 equi
760 3772 856 3823 auribus
873 3772 982 3824 mutili·
1020 3773 1099 3837 Quare
1116 3771 1255 3838 interpretor:
1304 3825 1305 3864 1
