2640 4400
172 377 232 420 xlv

171 533 296 609 primum
316 530 594 608 apollianorum
612 531 650 590 all
667 530 753 592 finem
770 533 957 613 perduceret3
971 553 1039 595 nam
1055 536 1086 595 in
1096 535 1168 597 XVI
1178 553 1207 599 v.
1220 541 1259 598 21

172 635 209 695 de
240 651 326 694 norae
356 633 486 692 coendia
517 632 620 692 matris
650 633 794 713 loquitur3
826 634 933 696 deinde
965 637 995 696 in
1026 637 1128 718 XXII,
1151 657 1179 699 a.
1203 641 1260 699 15:

419 747 480 796 Ossa
495 744 539 794 tibi
552 746 607 809 juro
623 761 665 811 par
680 745 764 794 matris
780 749 804 794 et
820 761 872 796 ossa
888 747 998 812 parentis.

171 843 437 906 Exardesoantibus
464 844 613 906 Perusinis
640 843 789 923 cladibus,
817 849 972 920 cognatum
996 863 1114 908 oaesum
1138 847 1263 929 habuit,

171 965 257 1023 quem
291 949 323 1008 in
358 949 453 1024 elegia
483 947 613 1007 XXXIV
641 947 832 1025 propinquam
864 964 949 1008 suum
979 953 1074 1009 voeat.
1115 951 1261 1012 Nonnulli

171 1052 326 1128 opinantur
348 1053 504 1130 propinqui
529 1051 645 1112 nomine
672 1055 785 1127 patrem
812 1049 1034 1132 designavisse3
1059 1054 1113 1114 sed
1132 1059 1263 1116 metrum

69 1147 71 1150 ’
171 1171 228 1212 uon
245 1153 405 1214 excusabat
419 1155 585 1231 ambiguam
600 1171 695 1230 neque
709 1152 765 1213 hoo
780 1169 868 1214 sensu
879 1152 1031 1229 probatam
1042 1173 1156 1236 vooem3
1173 1176 1263 1234 prae-

171 1259 252 1316 terea
265 1257 313 1317 El.
329 1257 460 1316 XXXIII
480 1258 673 1334 conjecturam
694 1255 838 1334 explodit3
854 1255 896 1315 ibi
914 1256 992 1316 enlm
1003 1255 1106 1316 Gallus
1117 1259 1263 1337 moriens,

172 1358 235 1438 (qui
256 1359 333 1420 idem
354 1377 418 1420 esse
439 1359 555 1419 videtur
575 1376 609 1418 ao
629 1359 810 1434 propinquus
830 1358 877 1417 El.
900 1359 1014 1440 XXIII)
1032 1361 1263 1423 commilitonem

171 1467 266 1540 rogat,
298 1468 330 1522 ut
360 1463 398 1522 ad
424 1480 551 1523 sororem
576 1462 718 1540 perferat,
746 1479 778 1520 se
803 1460 1005 1522 obtruncatum
1033 1463 1123 1524 brisso
1149 1465 1263 1542 ignotis

171 1563 305 1624 manibus
322 1581 445 1641 ossaque
463 1582 517 1624 sua
534 1581 587 1641 per
603 1567 715 1624 montes
732 1563 871 1624 lltrusoos
892 1564 1026 1642 dispersa
1038 1566 1146 1642 jacere.
1169 1568 1263 1630 Pater

171 1667 304 1726 nuntium
322 1667 449 1728 misisset
466 1667 567 1746 uxori,
587 1685 645 1726 non
663 1666 755 1726 sorori
772 1683 858 1744 suae,
880 1667 982 1746 matri,
1003 1686 1060 1728 non
1071 1669 1178 1729 amitae
1190 1669 1263 1730 Sex.

172 1769 293 1830 Aurelii.

211 1872 275 1947 Quo
293 1891 368 1933 anno
386 1873 508 1932 Romam
524 1871 689 1948 transierit,
712 1890 730 1930 a
747 1871 854 1947 quibus
872 1871 1002 1932 eruditus
1019 1871 1107 1933 fuerit
1124 1877 1154 1933 et
1166 1873 1262 1936 Grae-

172 1995 269 2037 oorum
286 1976 457 2054 praesertim
473 1974 607 2034 notitiam
625 1974 707 2033 illam
725 1973 857 2034 intimam
874 1975 1043 2054 arrIpuerit,
1061 1994 1119 2035 non
1135 1980 1263 2037 eonstat.

172 2080 314 2156 Esquiliis
330 2077 491 2156 habitavit,
510 2080 540 2136 et
557 2094 734 2153 quamquam
752 2077 869 2136 nonita
886 2077 984 2156 dives,
1003 2078 1039 2137 de
1057 2096 1109 2139 suo
1123 2079 1263 2160 vivebat,

171 2189 292 2260 tutaque
319 2181 468 2260 praesidia
495 2181 575 2240 vitae
601 2179 715 2241 habuit.
745 2181 882 2241 ForsItan
903 2181 1016 2241 Tibulli
1036 2181 1128 2242 instar
1147 2200 1265 2259 pauper

173 2291 250 2367 erat,
278 2286 329 2362 qui
356 2285 393 2344 de
413 2301 461 2344 se:
490 2281 536 2341 Me
563 2301 626 2342 meu
652 2289 811 2361 paupertas
831 2287 906 2343 vitoe
927 2285 1061 2344 traducat
1081 2285 1168 2345 inerti
1175 2306 1187 2354 ;
1211 2289 1265 2347 eui

173 2408 241 2450 vero
258 2387 412 2448 Horatius:
434 2383 469 2444 Di
482 2385 533 2444 tibi
543 2386 684 2465 formum,
704 2383 743 2445 lli
754 2386 932 2446 tibidioitias
943 2387 1093 2467 desierunt,
1112 2397 1266 2468 artemque

173 2491 299 2572 fruendi.
327 2489 448 2548 Praeter
463 2486 604 2564 juvenum
625 2488 820 2548 Romanorum
841 2489 1078 2549 consuetudinem
1099 2508 1133 2549 ae
1150 2508 1265 2552 morem
1316 2519 1317 2558 t

173 2595 298 2654 militare
324 2590 418 2651 noluit
449 2593 538 2665 atque
568 2590 832 2666 amagistratibus
858 2591 1007 2652 abstinuit.
1039 2592 1074 2651 In
1101 2590 1265 2658 Oodioibus

174 2699 203 2757 et
229 2695 333 2773 priscis
361 2692 536 2753 editionibus
564 2697 654 2752 nauta
676 2694 857 2774 appellatum
879 2713 966 2756 versu
981 2695 1046 2771 jam
1066 2695 1185 2756 laudato
1206 2714 1265 2772 pro

175 2801 254 2861 lequel
274 2799 316 2858 itu
337 2797 414 2857 diuos
434 2795 633 2872 inauspicatos
653 2795 767 2857 scribae
787 2797 916 2858 calamus
936 2797 1034 2875 posuit
1053 2804 1145 2857 nouato
1162 2797 1263 2869 dioes;
1316 2797 1317 2822 ¹

173 2903 286 2964 seilioet
312 2901 338 2961 is
365 2899 416 2977 qui
441 2903 529 2961 tenue
549 2899 756 2976 patrImonIum
777 2898 900 2979 fatetur,
928 2905 958 2961 et
978 2900 1136 2962 maritimos
1157 2917 1265 2964 aursus

174 3007 336 3069 detestatur
356 3002 491 3080 dejerans

387 3107 420 3154 At
436 3108 475 3164 tu,
492 3119 559 3153 saeve
574 3103 672 3168 Aquilo,
689 3119 807 3168 nunquam
823 3120 874 3154 meu
890 3103 941 3154 vala
957 3104 1056 3164 videbis,
1316 3175 1317 3182 ἵ

174 3197 336 3258 maritimus
362 3194 448 3255 homo
471 3193 566 3253 faetus
586 3192 642 3253 init
661 3195 796 3270 ultroque
816 3196 936 3256 beatus!
966 3195 1104 3256 Mardum
1125 3193 1265 3261 delerunt
1316 3189 1317 3270 ζ

61 3295 63 3299 ’
165 3289 290 3362 'saeculo
300 3297 365 3358 XV.
387 3297 467 3357 Ila.
485 3295 634 3357 Pontauus
651 3299 681 3357 et
697 3295 852 3374 Philippus
867 3296 1042 3376 Beroaldus,
1058 3297 1095 3358 de
1106 3298 1262 3374 Propertio

174 3402 282 3480 optime
302 3400 409 3461 meriti.
953 3424 958 3437 ·
1316 3407 1317 3418 ³

174 3590 203 3640 ds
218 3593 293 3640 Domo
309 3605 354 3640 aaa
369 3590 487 3650 meminit,
512 3591 569 3656 Cap.
587 3591 618 3640 19
637 3591 720 3640 »Oum
735 3590 775 3640 ille
791 3589 913 3654 Ligus...
931 3588 968 3639 M.
986 3589 1088 3656 Papirii,
1109 3591 1144 3642 sui
1162 3592 1259 3655 fratris,
1316 3549 1317 3644 j

175 3677 234 3725 esset
254 3675 392 3723 testamemo
413 3670 571 3739 improbatus,
593 3674 691 3723 mortun
709 3672 758 3735 ejus
775 3687 799 3722 se
815 3671 874 3721 velle
889 3672 995 3737 persequi
1012 3673 1084 3732 dixit,
1102 3689 1183 3724 nomen
1201 3673 1260 3728 Sea.
1316 3695 1317 3708 ¹

176 3756 297 3822 Propertii
312 3754 402 3807 namt.
