2624 4398
552 377 591 438 67

25 546 120 598 feliciter
140 546 241 597 coniecit
266 562 330 598 mero
352 545 475 598 matra:
498 546 561 597 inter
581 547 643 598 vina.
677 546 764 598 Libera
785 545 920 611 conjectura
942 548 1035 618 scripsi:
1053 552 1120 606 duta

26 645 71 679 meo
88 630 130 680 det
144 631 219 681 certa
234 629 357 682 ministro.-
374 629 453 682 venue
468 629 563 692 nolens,
576 646 615 682 me
629 629 752 682 admittere
766 645 888 693 recussus,
902 629 1003 700 deripiat
1013 649 1120 698 serrum,

25 728 90 776 quem
106 713 136 763 ad
151 713 218 764 illam
234 713 296 764 misi.

374 896 655 966 maccla
699 897 757 964 IV.

327 1069 383 1118 DE
402 1067 554 1119 ΔΙθΒΙδ
576 1066 810 1116 suavium.

254 1205 338 1269 (Codd
354 1206 400 1268 23,
417 1207 501 1257 Bnrm.
520 1203 565 1266 18,
583 1204 627 1264 11;
644 1203 741 1256 Lachm.
760 1203 806 1264 15,
823 1203 885 1267 111.)

56 1355 178 1408 Modestiae
200 1357 225 1406 et
247 1355 364 1406 cruciatus
386 1370 468 1406 eorum
490 1353 530 1420 qni
552 1355 673 1404 sectantur
695 1353 808 1418 equestris
831 1351 920 1404 ordinis
941 1353 1086 1417 meretrices,

88 1439 125 1489 val
154 1441 242 1505 nuptas
270 1438 309 1488 rel
339 1438 412 1488 vittae
442 1438 531 1486 honore
555 1439 675 1495 carentes,
706 1436 854 1502 indignanter
878 1436 996 1488 describit.
1029 1437 1087 1488 Ideo

89 1521 155 1588 ponit
176 1523 305 1572 amatorem
327 1519 368 1586 qui
389 1519 430 1568 dat
452 1532 550 1567 munere
573 1533 639 1567 servo
663 1517 782 1577 dominae,
802 1520 831 1566 nt
846 1521 909 1567 reete
925 1517 961 1567 illi
977 1519 1087 1569 mandata

88 1605 181 1654 reform.
215 1602 304 1652 Amans
328 1600 490 1668 percunctari,
514 1599 592 1650 omnic
613 1615 735 1665 quaerere,
753 1615 853 1666 puerum
868 1600 1087 1666 interrogationibus

87 1686 199 1752 fatigare,
222 1701 249 1735 ea
265 1684 369 1734 mend
386 1683 500 1732 sollicitus
517 1697 575 1747 quac
591 1682 651 1732 scire
666 1683 743 1732 timet.
776 1683 891 1732 Omnium
907 1683 1032 1734 acerrimus
1047 1684 1087 1735 hic

88 1783 162 1832 ungor
175 1768 223 1825 est,
239 1765 259 1815 ei
272 1764 350 1832 puella
363 1781 423 1830 qnae
435 1764 514 1814 venire
528 1764 681 1830 promiserat,
696 1763 778 1814 deiude
796 1780 821 1814 sa
837 1764 916 1815 venire
929 1781 997 1831 posse
1009 1770 1087 1832 negat.

86 1851 181 1916 Apage,
194 1847 289 1898 Austris
302 1847 419 1897 fallaciori
436 1861 513 1895 nonne
527 1845 616 1912 pudet?
632 1846 674 1894 Me
687 1846 753 1896 audi:
769 1845 790 1895 si
804 1846 863 1896 dura
872 1863 909 1906 es,
925 1847 1086 1914 statimuega,

87 1931 221 1998 praescinde
237 1947 315 1997 spem,
333 1931 353 1978 si
370 1945 417 1979 non
434 1945 458 1978 es
474 1929 545 1988 dure,
559 1931 612 1993 age!
630 1929 691 1978 veni.
718 1929 771 1994 Quo
779 1931 817 1980 tot
825 1929 903 1979 inanis
911 1930 983 1980 verba
990 1932 1086 1984 iaceret

86 2014 146 2062 Post
168 2013 225 2062 haec
247 2015 316 2079 poeta
332 2011 479 2070 ariditatem,
497 2011 631 2078 snperbiam
648 2014 671 2061 et
688 2011 779 2061 fastidia
799 2013 904 2079 depingIt
919 2013 1088 2078 ingenuarum,

87 2095 172 2160 quibus
187 2094 309 2145 libertines
325 2110 350 2144 se
366 2108 507 2160 praeponere
523 2093 613 2142 affatim
629 2096 699 2158 atque
714 2092 842 2144 insolenter
857 2097 989 2160 profitetur.

58 2177 86 2226 In
104 2177 176 2228 Codd
194 2193 275 2228 versus
292 2177 321 2236 3,
337 2177 368 2235 4,
386 2175 468 2226 ‘1-12
484 2173 598 2242 superiori
613 2173 710 2224 carmini
725 2174 786 2225 mals
801 2179 970 2238 annectuntur;
988 2179 1087 2230 19-24

88 2259 118 2309 ad
134 2259 233 2326 elegiam
249 2262 382 2324 sequentem
398 2259 540 2307 referuntur.
575 2255 679 2320 liisjseta
695 2256 800 2308 membra
816 2261 897 2324 poetae
913 2260 1003 2327 collegi.

142 2409 291 2487 Ingenuus
311 2408 470 2486 quisquam
492 2406 615 2467 alterius
635 2407 688 2467 det
707 2426 831 2468 munera
851 2426 953 2490 servo,

183 2512 225 2572 Ut
244 2511 388 2590 promisse
408 2526 479 2570 suae
500 2508 592 2569 verba
611 2508 688 2570 ferat
707 2508 870 2572 dominae?
982 2518 984 2524 ’

143 2613 184 2674 Et
204 2615 320 2689 quaerit
339 2613 464 2674 totiens:
488 2610 662 2686 ,Quaenam
682 2630 758 2673 nunc
777 2614 908 2691 porticus
929 2614 1014 2677 illem

183 2718 345 2794 Integit?'’
365 2717 420 2777 Et:
445 2715 578 2793 „Campo
599 2734 657 2793 quo
677 2722 775 2778 movet
795 2718 848 2778 illa
867 2717 1013 2797 pedes?’'

143 2820 262 2895 Quanta
281 2821 365 2880 illum
385 2824 445 2880 toto
465 2823 586 2880 versent
606 2820 733 2896 suspiria
753 2822 845 2899 lecto,
1096 2826 1119 2886 ‘5

183 2922 258 2984 (ium
277 2923 389 3002 recipi,
410 2941 496 3000 quem
518 2941 576 2983 non
595 2924 726 3002 noverit,
746 2925 798 2985 ille
818 2929 919 3002 putet!

141 3027 183 3089 Et
195 3039 302 3090 ‚rursus
321 3045 444 3104 puerum
464 3027 632 3103 quaerendo
653 3027 755 3089 audita
774 3028 895 3108 fatiget,

184 3128 295 3208 Quem,
316 3147 392 3206 quae
413 3130 489 3190 scire
509 3129 610 3207 timet,
631 3127 728 3189 dicere
748 3131 833 3206 plura
847 3130 945 3208 jubet.

142 3233 201 3292 Hic
221 3249 296 3292 nnus
315 3231 398 3318 dolor
418 3235 463 3290 est
484 3248 521 3289 ex
542 3229 675 3290 omnibus
696 3232 910 3312 nocumenti,

185 3335 323 3413 Speranti
341 3334 439 3395 subito
459 3334 486 3394 si
507 3351 565 3410 qua
585 3333 686 3394 venire
707 3337 805 3409 neget.
1082 3341 1120 3398 10

144 3437 185 3499 at
205 3438 232 3499 si
252 3456 284 3499 es
304 3437 394 3515 dure,
415 3453 506 3515 nega3
528 3435 575 3496 sin
595 3451 627 3495 cs
647 3453 705 3495 non
725 3434 812 3514 dure,
833 3437 947 3500 venito:

185 3539 264 3615 Quid
278 3539 366 3618 Juvat
386 3539 418 3598 in
438 3539 519 3598 nullo
539 3537 668 3614 pondere
688 3539 780 3598 verba
798 3539 904 3617 loqui?

144 3641 261 3704 Deinde
280 3642 332 3703 nbi
352 3641 508 3717 pertuleris
529 3658 602 3718 quoa
622 3639 695 3701 dicit
714 3639 793 3700 fama
812 3642 928 3706 labores

184 3744 321 3804 Herculis
360 3746 393 3803 ut
413 3742 534 3803 stridat:
559 3741 710 3815 „muneris
730 3742 836 3818 coquid
856 3744 999 3807 habee?'’
