2624 4398
697 305 738 365 46

488 526 765 596 ELEGIA
807 526 948 594 XXVII.

339 689 497 740 runnu
516 689 698 738 saunas
718 681 1105 742 conscensurus.

435 809 518 875 (coru
542 813 567 860 e
590 811 673 860 num
698 810 745 868 ro,
770 807 869 858 neem
894 807 941 867 rr,
967 807 1000 869 1.)

279 947 347 998 licto
370 947 485 1014 'l'srpejae'
505 948 599 998 nomine
623 947 734 998 acerrime
758 946 874 1012 Cynthiae
896 961 974 994 mores
998 941 1159 1010 reprehendit

293 1087 377 1162 Quae
396 1087 509 1150 fueram
528 1089 644 1166 magnis
663 1088 734 1149 olim
752 1085 903 1164 patefacte
921 1083 1098 1163 triumphis,

331 1193 430 1254 anua
450 1193 598 1270 Tarpeiae
617 1196 689 1253 nota
707 1191 885 1269 pudicitiae,

292 1293 384 1372 cujus
403 1297 531 1356 inaurati
551 1297 737 1356 celebrarunt
754 1295 858 1354 limina
878 1311 996 1372 currus,

332 1397 491 1476 ceptorum
510 1399 639 1459 lacrimis
658 1399 781 1458 h'umida
799 1398 997 1476 supplicibus,

291 1502 379 1564 Nunc
399 1520 455 1579 ego
474 1503 622 1562 nocturnis
642 1506 775 1579 potorum
795 1502 897 1562 saucia
915 1500 1006 1578 rixis,
1249 1497 1263 1554 5

332 1606 456 1666 Pulsate
475 1606 604 1681 indignis
624 1623 715 1683 saepe
735 1623 842 1682 queror
860 1604 1012 1682 manibus3

292 1708 333 1768 ut
352 1709 426 1770 mihi
444 1727 505 1771 non
523 1711 630 1770 desunt
648 1714 750 1786 turpes
771 1709 900 1786 pendere
920 1709 1047 1768 corollae

334 1811 457 1890 Semper
475 1819 506 1874 et
525 1813 638 1874 exclusi
657 1814 744 1889 signs
759 1815 861 1890 jecere
881 1810 976 1892 faces3

293 1916 358 1977 Nec
376 1933 495 1992 possum
515 1917 639 1977 infames
658 1917 795 1977 dominae
815 1914 973 1976 defendero
992 1918 1108 1993 noctes,

334 2020 451 2080 Nobilis
471 2020 604 2082 obscenis
623 2021 735 2080 tradita
755 2021 941 2080 carminibus.
1235 2017 1267 2076 10

295 2124 360 2185 Nec
378 2127 478 2184 tamen
497 2125 550 2184 ills
570 2142 641 2185 suae
661 2129 815 2186 revocatur
834 2142 955 2202 parcere
975 2123 1087 2203 famae,

337 2227 465 2305 Turpior
486 2232 516 2288 et
536 2230 627 2289 saecli
648 2230 748 2290 vivere
768 2229 894 2288 luxuria.

295 2332 378 2394 Haec
396 2333 474 2393 inter
493 2333 633 2410 gravibus
653 2351 741 2409 cogor
759 2333 868 2394 deflere
888 2331 1034 2409 querelis,

336 2434 483 2513 supplicis
504 2457 522 2496 a
541 2437 637 2513 longis
656 2439 767 2498 tristior
787 2437 929 2499 excubiis.

282 2527 351 2600 ¹Illo
372 2557 452 2598 meos
471 2555 620 2615 nunquam
639 2542 749 2617 patitur
769 2541 953 2617 requiescere
972 2543 1088 2618 postes,
1236 2535 1267 2596 15

337 2641 452 2718 Arguta
470 2641 601 2704 referens
622 2646 752 2705 carmina
771 2645 934 2704 blanditia:

301 2745 426 2820 ,Janua
445 2748 494 2808 vel
514 2747 632 2808 domins
652 2749 769 2825 penitus
790 2749 935 2809 crudelior
955 2747 1035 2824 ipsa,

343 2848 449 2923 ,Quid
469 2849 542 2909 mihi
562 2856 623 2911 tam
643 2852 725 2912 duris
746 2853 847 2912 clausa
866 2856 947 2912 laces
967 2850 1104 2911 foribus?

303 2949 389 3025 ,Cur
408 2971 557 3029 nunquam
578 2959 708 3016 reserata
727 2973 807 3016 meos
828 2955 960 3016 admittis
981 2971 1112 3033 amores,

343 3055 479 3129 ,Nescia
499 3056 623 3116 furtivas
643 3058 765 3118 reddere
786 3062 865 3118 mota
884 3057 1013 3134 preces?
1235 3053 1268 3114 20

302 3158 457 3233 ,Nullane
477 3157 544 3219 linis
565 3160 620 3220 erit
640 3165 737 3221 nostro
746 3133 896 3222 'concessa
915 3160 1033 3221 dolori?

343 3260 479 3334 ,Tristis
500 3265 529 3322 el
549 3263 580 3321 in
600 3263 695 3339 rigido
715 3265 816 3324 limine
837 3283 954 3326 somnus
976 3265 1056 3326 erit?

304 3363 378 3436 ,Me
399 3364 514 3425 mediae
534 3369 648 3445 noctes,
669 3387 716 3428 me
737 3368 832 3429 sidera
854 3388 946 3446 prona
961 3369 1127 3448 jacentem,

344 3466 551 3544 ,Frigidaque
572 3469 633 3529 Eoo
654 3488 701 3529 me
721 3470 788 3531 ferit
809 3490 881 3532 aurs
900 3473 978 3548 gelu.

305 3568 382 3642 ,Tu
401 3569 465 3630 sola
485 3567 627 3631 humanos
647 3589 795 3648 nunquam
815 3574 955 3636 miserata
975 3575 1112 3655 labores,
1230 3571 1261 3632 25

346 3673 543 3753 ,Respondes
563 3675 661 3736 tacitis
680 3680 782 3738 mutua
802 3678 979 3740 cardinibus.
