2640 4400
567 383 605 441 21

156 550 236 610 Num
257 551 315 613 sibi
335 555 472 614 collatam
492 553 586 615 doluit
606 554 707 615 Venus
728 555 809 636 ipsa,
829 557 1012 634 paremque?

196 653 255 713 Per
274 672 307 715 se
327 653 461 718 formosis
481 655 627 718 invidiosa
647 656 704 717 dea
724 661 779 718 est.

157 755 206 816 An
226 761 394 836 contempta
414 759 469 820 tibi
488 759 613 822 Junonis
633 761 744 838 templa
762 760 932 838 Pelasgae?

197 862 330 924 Palladis
351 867 403 923 aut
422 865 521 926 oeulos
542 882 615 926 ansa
634 881 743 941 negare
763 863 880 925 bonos?

158 963 296 1045 Semper,
316 965 474 1048 formosae,
495 986 554 1029 non
573 969 666 1030 nostis
686 986 807 1046 parcere
827 968 942 1030 verbis:

197 1067 261 1128 Hoo
281 1068 336 1129 tibi
357 1069 459 1145 lingna
478 1088 600 1150 nocens,
622 1071 677 1132 hoo
698 1072 754 1132 tibi
773 1071 867 1132 forma
887 1070 978 1131 dedit.

159 1168 218 1230 Sed
238 1171 293 1232 tibi
313 1177 439 1234 vexatae
459 1192 513 1252 per
533 1177 626 1236 multa
644 1175 795 1255 pericula,
814 1175 893 1254 vita,

197 1273 339 1334 Extremo
357 1276 458 1336 veniet
477 1276 592 1337 mollior
611 1277 684 1337 hora
704 1278 763 1338 die.

159 1374 191 1435 lo
210 1393 298 1437 versa
317 1381 406 1455 osput
424 1379 533 1455 primos
553 1381 720 1457 mugiverat
740 1398 847 1442 annos:

196 1479 284 1539 Nune
304 1479 376 1559 dea,
397 1497 474 1557 quae
493 1481 558 1541 Nili
578 1482 699 1542 flumina
718 1500 809 1543 vaooa
829 1482 914 1543 bibit.

158 1580 210 1642 Ino
230 1582 321 1643 etiam
340 1583 435 1660 prima
455 1584 542 1645 terris
562 1588 660 1645 aetate
681 1590 791 1662 vagata
811 1588 873 1645 est:

198 1685 284 1745 Hane
303 1686 392 1747 miser
413 1687 549 1765 implorat
569 1689 670 1748 navita
690 1688 888 1750 Leuoothetn.

159 1787 344 1850 Andromede
365 1792 502 1853 monstris
521 1791 618 1852 fuerat
637 1792 745 1852 devota
765 1792 904 1852 marinis:

198 1891 281 1952 Haeo
301 1892 406 1952 eadem
425 1894 526 1954 Persei
546 1894 653 1955 nobilis
673 1913 747 1956 uxor
768 1898 840 1955 erat.

160 1991 280 2056 Cadisto
300 1994 443 2057 Areadios
464 2001 614 2057 erraverat
633 2016 703 2058 ursa
722 2016 776 2075 per
796 2015 899 2075 agros:

198 2097 281 2157 Haeo
301 2101 442 2158 nocturna
462 2117 514 2160 suo
535 2099 632 2160 sidere
653 2102 721 2160 vela
740 2102 826 2178 regit.

161 2197 244 2274 Quod
264 2200 290 2261 si
310 2199 384 2262 forte
404 2202 460 2262 tibi
480 2203 665 2280 properarint
684 2203 747 2264 fata
767 2204 914 2284 quietem,

198 2303 255 2363 illa
275 2304 443 2381 sepulturae
463 2302 525 2364 fata
547 2305 636 2365 beata
656 2307 740 2365 tuae!

159 2406 301 2467 Narrabis
321 2404 471 2486 Semelae,
492 2425 551 2484 quo
569 2406 610 2468 sit
629 2406 756 2468 formosa
774 2409 902 2488 perielo,

197 2508 305 2570 Credet
325 2513 356 2569 et
375 2509 428 2569 illa
448 2526 501 2570 suo
521 2509 842 2590 dootapuellama103

158 2613 196 2674 nt
215 2614 271 2696 tibi
291 2612 442 2674 Maeonias
463 2613 540 2673 inter
560 2612 697 2673 heroidas
717 2632 817 2675 omnes

197 2719 314 2779 Primus
335 2718 407 2796 erit,
427 2718 510 2778 nulla
528 2736 586 2778 non
607 2717 770 2798 tribuente,
791 2718 880 2779 loeus.

157 2822 256 2902 Nune,
278 2825 434 2898 utcumque
454 2824 555 2899 potes,
576 2819 637 2881 fato
658 2838 729 2896 gere
750 2821 852 2882 saucia
871 2839 999 2882 morem:

196 2927 237 2987 nt
257 2926 330 2986 deus
351 2929 381 2986 et
400 2924 491 2985 durus
511 2925 639 2985 vertitur
658 2925 723 3003 ipse
744 2925 818 2986 dies.

85 3108 102 3142 v.
114 3096 135 3146 9.
151 3098 225 3163 Neap.
239 3098 285 3148 illa
297 3113 412 3163 peraeque
416 3119 425 3155 ;
441 3098 513 3147 Gron.
527 3098 581 3163 pra
592 3114 731 3163 paremque,
748 3101 854 3164 quaeest
867 3114 922 3149 vers
936 3098 1013 3150 lectio.
1032 3100 1135 3166 cynthia

59 3187 78 3220 so
96 3177 172 3230 Veneri
194 3183 369 3246 comparaverat
391 3183 415 3229 et
436 3195 516 3245 param
537 3179 635 3229 dixerat.
651 3207 686 3216 —
702 3179 733 3228 In
750 3196 772 3229 v.
792 3180 830 3229 10.
849 3179 921 3230 Codd.
934 3199 997 3246 prae
1012 3199 1048 3243 re,
1067 3185 1134 3248 qussi

59 3253 174 3323 Propertius
190 3262 288 3312 dixisset
304 3263 430 3327 Cynthium
450 3261 534 3310 Veneri
551 3263 626 3310 formu
642 3265 775 3327 praestare,
793 3278 846 3311 oum
859 3262 901 3311 illa
909 3266 1002 3314 tantum
1013 3282 1038 3315 sa
1048 3266 1134 3316 Veneri

60 3351 121 3398 parem
134 3345 230 3394 iecisset.
248 3344 384 3410 Hyperbola
399 3344 464 3394 ultra
480 3344 575 3394 modum
593 3347 668 3403 esset,
685 3347 709 3393 et
724 3344 796 3408 hrp'us
805 3361 896 3410 quoqne
904 3347 968 3413 tropi
978 3351 1013 3398 est
1022 3350 1134 3399 servanda

59 3432 147 3476 mensura
161 3427 282 3493 quaedam.
315 3427 377 3492 Lege
393 3443 447 3476 cum
464 3427 615 3476 Lachmanno
634 3426 686 3475 Per
702 3441 734 3476 ae.
759 3428 839 3476 Venus
856 3443 898 3493 per
915 3429 1007 3494 seipsa
1024 3431 1134 3480 formosis

60 3498 140 3567 invium
161 3511 216 3577 quid
232 3511 320 3560 mirum
337 3510 358 3558 si
374 3509 419 3559 sibi
436 3526 460 3560 sa
477 3511 620 3560 conferentes
638 3513 661 3558 et
678 3524 746 3574 pares
760 3508 877 3571 jactantes
895 3509 970 3559 oderit
986 3511 1133 3577 puniatque?

85 3593 117 3646 15.
146 3601 218 3649 Gron.
235 3603 258 3648 et
275 3602 351 3665 Neap.
368 3605 467 3650 vexatae
478 3616 524 3665 per
540 3601 617 3648 multa
628 3599 741 3664 pericula
757 3600 836 3659 rotae,-
853 3601 954 3650 Pneoius
971 3603 1057 3651 verda
1073 3599 1132 3650 vita.

62 3672 152 3740 Reposni:
169 3683 216 3732 Sed
231 3682 276 3731 tibi
291 3687 391 3732 vexatae
403 3699 448 3747 per
465 3683 540 3732 multa
552 3682 676 3748 maula,
694 3681 752 3732 rita.

86 3763 117 3816 26.
148 3771 218 3822 tiron.
236 3776 260 3822 at
278 3773 353 3838 Neap.
370 3774 421 3823 Illa
437 3773 640 3840 smutturaosata
650 3774 798 3833 beatamne,-
816 3771 938 3826 Palatinus
947 3777 972 3824 et
979 3770 1132 3824 Bononiensis
