2640 4400
1035 397 1156 443 xxmr

104 550 187 626 Quid
211 549 328 611 multa?
354 553 491 626 quattuor
515 553 649 612 amansii
675 553 752 630 elegi
778 553 926 615 subditicii
946 559 1022 616 sunt.
1063 555 1099 616 In
1119 558 1157 618 iis

61 655 212 733 quaedam
242 653 355 732 poetico
385 653 464 712 dicta
494 655 627 735 placent,
649 674 743 733 pauca
762 657 903 718 orationis
923 662 1027 719 ornatu
1047 659 1155 738 nitent;

61 761 238 836 personatus
268 760 369 818 auctor
397 757 543 834 patienter
573 758 626 818 illa
656 761 798 839 caelavit,
830 761 975 839 Propertii
1001 766 1032 822 ct
1057 759 1157 822 Ovidii

61 861 241 938 margaritas
257 860 289 920 in
305 877 390 921 usum
407 876 492 920 sunm
508 865 680 922 conuertens
698 866 728 923 et
749 863 924 924 calamistris
945 863 1063 924 inurens
1084 863 1156 924 satis

60 963 229 1041 ingeniose,
250 979 326 1039 quae
346 961 512 1022 trivialibus
532 963 685 1024 sententiis
704 981 762 1024 non
782 963 952 1025 includeret

100 1067 193 1144 Elegi
219 1064 262 1126 lie
290 1063 364 1126 Urbe
390 1064 495 1144 Romo,
528 1063 697 1144 Vertomaro,
727 1065 865 1146 Torpq'o,
892 1065 985 1128 Morte
1006 1065 1154 1147 Herculia,

60 1171 133 1231 Jove
168 1167 313 1247 Feretrio,
347 1187 448 1248 proquo
484 1167 604 1230 Actiaco
634 1170 761 1230 omnium
791 1187 934 1232 consensu
963 1171 1096 1249 episodia
1126 1174 1156 1231 et

59 1274 228 1350 fragmenta
247 1271 391 1349 poematis
410 1270 567 1351 habentur,
589 1271 620 1332 in
640 1290 698 1349 quo
718 1276 819 1334 auctor
837 1272 943 1335 Festos
962 1277 992 1334 et
1005 1272 1155 1350 religionis

58 1376 236 1438 Latinorum
255 1375 426 1436 traditiones
447 1392 552 1436 canere
572 1376 747 1437 instituerat
779 1375 882 1450 Quabs
902 1377 1032 1438 inventio
1052 1376 1154 1453 fuerit,

58 1497 139 1558 qnae
164 1480 257 1541 series
283 1484 313 1542 et
339 1479 422 1558 ordo,
455 1480 622 1557 conjectura
647 1479 820 1557 assequitur.
862 1477 1008 1540 Ouidiana
1028 1479 1155 1556 vestigia

58 1582 228 1662 premebat,
255 1584 387 1661 illudque
414 1584 613 1663 allaborabat,
634 1587 668 1644 ut
693 1584 890 1645 narrationem
909 1583 1038 1661 variam,
1059 1582 1154 1642 deloc-

57 1688 185 1748 tabilem
201 1687 370 1766 magisque,
386 1703 481 1764 paene
499 1686 574 1763 dixi,
600 1704 688 1763 qnam
706 1684 805 1746 Ovidii
827 1685 1016 1746 dramaticum
1036 1683 1154 1745 iaceret.

57 1789 149 1849 Nunc
175 1805 233 1865 quo
257 1790 344 1864 pacto
370 1787 538 1864 Propertius
569 1787 643 1846 tanti
674 1785 810 1864 ponderis
842 1786 925 1862 operi
954 1803 1072 1846 manum
1102 1786 1153 1845 ad-

57 1890 202 1950 movisset
229 1889 338 1969 (Sacro
364 1889 480 1968 diesque
505 1887 622 1968 ccccm)
654 1889 736 1949 nulla
758 1888 845 1949 iacta
870 1906 936 1948 curn
961 1887 1154 1949 familiaribus
1241 1875 1244 1884 ’

56 1991 343 2054 communicatione?
375 1990 408 2052 si
433 1995 531 2052 autem
558 1995 624 2068 post
648 1991 712 2067 ejus
738 1995 860 2052 mortem
886 1990 973 2050 amici
1000 1990 1155 2052 ediderunt

57 2092 240 2173 fragmenta,
260 2093 410 2171 quaeritur
430 2111 487 2170 quo
506 2092 592 2153 modo
612 2093 693 2153 Naso
708 2093 874 2171 scripsisset
893 2091 1048 2169 Cynthium
1064 2112 1153 2154 unum

57 2214 126 2256 esse
156 2197 301 2273 Propertii
325 2196 420 2274 opus?
452 2195 536 2256 Anne
562 2195 593 2254 in
617 2195 715 2255 Fastis
736 2195 838 2256 sedulo
855 2195 1070 2257 dissimulasset
1083 2197 1151 2256 Um-

58 2299 146 2359 brum
166 2299 246 2359 idern
266 2302 354 2359 antea
374 2303 576 2376 argumentum
596 2298 744 2376 attigisse,
766 2300 820 2359 sed
840 2303 932 2360 morte
947 2299 1152 2376 poemafuissc

6 2461 7 2468 ,
58 2403 284 2464 intermissum?
324 2400 447 2464 Ovidius
475 2401 586 2479 primae
617 2401 792 2462 inventionis
824 2401 941 2462 laudem
972 2404 1066 2466 sodali
1095 2423 1152 2465 non

59 2505 255 2585 detraxisset,
276 2504 400 2567 Ovidius
417 2506 468 2581 qui
484 2523 541 2566 non
558 2506 650 2564 semel
670 2503 852 2580 Pr0pertium
872 2510 1090 2582 commemorat,
1102 2506 1152 2581 qui

60 2609 125 2668 sine
153 2609 266 2668 invidia
293 2608 461 2669 viventibus
488 2611 518 2667 ot
544 2606 664 2669 mortuis
692 2606 834 2684 assurgit,
867 2606 1041 2684 nominaque
1068 2607 1151 2668 nobis

59 2711 185 2772 tradidit
219 2715 371 2788 poetarum
406 2711 549 2773 minorum
584 2711 673 2772 nullis
709 2711 831 2772 aliorum
866 2711 1039 2772 testimoniis
1073 2715 1151 2771 nou.

59 2811 173 2885 Quodsi
203 2831 306 2874 verum
336 2814 517 2875 adulteratus
548 2818 639 2892 esset,
677 2814 753 2874 inter
780 2817 909 2874 caeteros
930 2813 981 2890 qui
1001 2814 1151 2890 utriusque

58 2915 269 2994 meminerunt,
290 2916 398 2993 aliquis
418 2917 541 2978 lividum
561 2917 710 2977 silentium
727 2913 886 2976 emendans
903 2933 986 2976 suum
1001 2917 1151 2993 Propertio

57 3017 198 3078 honorem
218 3020 404 3082 restituisset.

96 3120 224 3184 Accedit
244 3124 335 3184 aliud.
355 3124 524 3202 Propertius
540 3124 571 3184 in
585 3123 702 3183 heroico
718 3127 851 3199 poemate
869 3139 901 3184 se
916 3122 1065 3199 ingenium
1081 3123 1150 3184 olim

57 3225 256 3299 periclitatum
276 3225 367 3287 fuisse
387 3231 520 3288 testatur.
557 3225 639 3286 Visos
657 3243 750 3303 nom,
772 3225 827 3305 ait,

310 3331 398 3393 Reges,
416 3328 476 3378 Alba
492 3332 545 3378 tuos
563 3330 586 3377 et
603 3343 683 3392 regum
700 3329 762 3376 iactu
778 3330 872 3378 tuorum
958 3321 959 3326 ’

343 3412 445 3461 Tantum
462 3411 538 3477 operis
555 3410 632 3460 nervis
648 3410 737 3459 hiscere
753 3425 821 3476 posse
836 3411 911 3468 mcis;

308 3493 430 3559 Parvaque
446 3497 496 3542 tarn
512 3493 604 3558 magnis
621 3493 740 3542 admoram
756 3491 859 3542 fontibus
876 3505 929 3551 ors,

341 3575 410 3624 Unde
426 3578 493 3641 pater
509 3575 589 3624 sitiens
605 3574 694 3625 unnim
712 3577 765 3624 ante
781 3573 854 3634 bibit,

307 3657 340 3707 Et
356 3658 428 3706 cecini
445 3658 528 3707 Curios
545 3661 589 3708 stc.

58 3745 134 3804 Tale
161 3749 225 3805 erat
252 3747 394 3823 poematis
417 3747 599 3823 Propertiani
621 3747 781 3810 consilium.
814 3744 908 3822 Quale
936 3749 981 3807 est
1008 3745 1150 3808 Duram?
