2624 4398
558 368 617 428 12⁹1

28 549 111 588 rusus
131 537 164 587 ud
182 536 278 587 Gallum
293 535 332 586 ill.
350 535 541 590 summersa
573 538 632 590 Duae
649 537 695 590 sile·
712 539 814 606 dmepls's
831 547 932 606 metas
942 542 1017 608 sm
1032 543 1134 608 puellis,

31 619 120 672 sertus
137 620 192 671 et
181 637 208 670 ur
224 621 292 670 nullo
308 635 422 684 qaaerm
437 635 518 672 aaron
534 635 633 673 norm.

394 775 672 844 ELEGIA
717 777 774 843 IV.

443 901 495 948 nn
517 901 729 950 namurcum.

328 989 412 1052 (soen
440 990 525 1042 curm.
551 993 580 1053 e,
608 993 705 1042 nuum.
732 991 779 1051 ιο,
805 988 838 1051 1.)

66 1091 178 1142 Alterum
195 1091 225 1141 ed
242 1093 340 1144 eundem
356 1094 656 1146 PonticumiuSeeundum
670 1095 770 1146 Idbrsm
778 1110 828 1146 esse
838 1092 998 1144 collocandum
1006 1091 1104 1162 probari

101 1174 213 1236 <xxll);
230 1176 287 1226 haec
303 1175 369 1226 ssiam
386 1177 498 1244 sequitur,
515 1184 539 1230 et
555 1178 669 1230 iuu'lertio
685 1177 763 1230 locum
777 1173 821 1226 sibi
834 1174 944 1227 vindicat.
963 1173 1101 1240 Propertius

102 1257 217 1308 vaticinia
233 1273 275 1308 sue
292 1274 348 1310 rere
364 1258 436 1310 ruine
452 1263 584 1314 confirmat.

156 1374 302 1437 Dicebam
322 1377 378 1439 tibi
398 1383 552 1457 venturos,
574 1379 690 1459 irrisor,
711 1396 843 1456 amores,

195 1480 261 1541 Nee
280 1480 335 1541 tibi
356 1485 498 1559 perpetuo
518 1481 614 1544 libera
632 1482 724 1543 verba
743 1481 815 1544 fore.

156 1581 235 1643 Ecce
250 1584 351 1664 jaces,
372 1587 557 1664 supplexque
576 1585 662 1646 venis
682 1585 721 1646 ad
736 1585 807 1664 jura
826 1581 960 1661 puellae,

197 1685 237 1746 st
257 1685 312 1747 tibi
332 1705 409 1748 nunc
429 1689 534 1766 quovis
554 1688 680 1766 imperat
699 1688 753 1748 illa
772 1687 867 1749 medo.

156 1787 225 1849 Non
244 1805 292 1849 me
312 1788 461 1851 Chaoniae
481 1791 602 1852 vincam
621 1792 652 1853 in
672 1808 771 1854 amere
790 1789 943 1852 columbae
1114 1786 1134 1848 5

197 1891 320 1972 Dicere,
341 1910 415 1970 quos
430 1893 557 1971 juvenes
577 1909 713 1970 quaeque
732 1893 834 1971 puella
853 1893 960 1954 domes

157 1991 206 2052 lde
227 1991 310 2055 dolor
329 1999 359 2054 et
379 1995 518 2056 lacrimae
538 1997 642 2059 merito
662 1995 758 2057 fecere
779 1996 922 2075 peritum3

199 2095 297 2175 Atque
317 2099 430 2162 utinam
449 2101 546 2178 posito
566 2101 648 2162 dicar
667 2117 766 2162 amore
786 2099 884 2161 rudis!

160 2197 240 2273 Quid
259 2200 315 2263 tibi
336 2221 413 2265 nuuc
432 2205 539 2266 misero
559 2205 679 2282 prodest
698 2220 789 2282 grave
809 2202 907 2263 dicere
927 2218 1046 2264 carmen

200 2302 261 2365 Aut
280 2303 476 2383 Amphioniae
496 2307 613 2368 moenia
631 2307 703 2368 flere
722 2304 834 2384 lyrae?
1097 2307 1137 2367 10

160 2406 231 2468 Plus
251 2409 283 2467 in
303 2427 402 2470 amore
422 2412 503 2472 valet
523 2409 689 2472 Mimnermi
709 2425 812 2470 verens
832 2407 974 2486 Homem3

200 2509 338 2575 Carmina
358 2518 527 2576 mansuetus
548 2514 629 2574 lenia
647 2512 764 2590 quaerit
783 2511 882 2572 Amor.

161 2613 190 2692 1,
212 2632 338 2695 quaeso,
360 2620 390 2676 et
410 2617 510 2678 irisles
526 2617 603 2679 isles
623 2633 763 2694 compone
783 2615 899 2677 libellos

201 2718 241 2779 lit
261 2737 334 2780 caue
354 2721 433 2798 quod
453 2722 576 2798 quaevis
596 2740 682 2784 nosse
702 2719 803 2800 puella
822 2719 903 2780 velit.

159 2820 238 2895 Quid
258 2824 285 2883 si
305 2843 363 2885 nou
384 2830 462 2887 esset
481 2826 578 2888 facilis
598 2825 654 2887 tibi
674 2825 783 2903 copia?
804 2843 881 2885 nunc
900 2827 933 2884 tu
1001 2857 1004 2863 ·
1095 2823 1133 2882 15

199 2927 324 2990 Insanus
343 2930 445 2998 medios
461 2930 580 3005 flumine
600 2929 719 3008 quaeris
740 2947 864 3006 aquam,

159 3029 291 3091 Necdum
313 3032 402 3092 etiam
422 3034 532 3111 palles,
555 3050 623 3094 vero
644 3050 698 3096 uec
719 3032 850 3108 tangeris
870 3030 948 3109 igni,

198 3134 281 3196 Haec
301 3138 347 3195 est
367 3136 484 3196 venturi
505 3135 602 3213 prima
621 3135 725 3195 favilla
744 3134 825 3194 mali.

157 3237 265 3299 Nullus
285 3257 367 3300 amor
386 3241 523 3318 cuiquam
543 3239 645 3300 faciles
666 3240 710 3300 ita
728 3238 866 3317 praebuit
886 3238 967 3313 alas,

200 3341 239 3402 Ut
258 3360 316 3402 uun
336 3343 452 3403 alterne
470 3343 612 3421 presserit
630 3343 682 3402 ille
702 3359 800 3402 mauu.
883 3417 885 3421 ,
1096 3337 1136 3396 20

156 3443 242 3505 'l'unc
262 3446 356 3522 magis
378 3444 533 3507 Armenias
552 3445 654 3523 cupies
674 3444 815 3506 accedere
829 3443 941 3524 lignes,

196 3547 237 3609 Et
255 3548 351 3626 magis
371 3547 504 3610 infernae
523 3548 642 3609 vincula
662 3566 749 3610 nosse
769 3550 868 3625 rotae,

157 3650 253 3728 Quam
272 3652 357 3730 pueri
378 3653 485 3714 totiens
505 3670 604 3714 arcum
624 3652 735 3712 sentire
756 3649 908 3728 medullis,

196 3754 237 3817 lit
256 3754 332 3817 nihil
352 3755 445 3820 iratae
466 3773 552 3832 posse
573 3771 682 3832 negare
702 3757 781 3815 tuae.
863 3835 867 3852 ·
