2640 4400
372 507 408 556 Ut
422 505 482 556 mihi
497 506 629 572 praetextae
644 503 721 570 pudor
737 506 773 553 est
788 503 878 553 velatus
896 503 984 554 amicus

402 587 436 638 ut
451 587 505 636 date
520 586 616 636 libertas
633 602 727 636 noscero
743 586 836 636 Amoris
852 585 910 645 iter,

371 670 418 720 Ille
432 671 500 720 rudes
517 670 605 720 animos
621 686 663 737 per
679 674 758 719 noctes
775 669 865 719 conscia
881 669 968 734 primas

405 750 507 812 Imbuit,
524 752 569 801 heu
586 751 657 800 nullia
674 756 743 817 capta
760 751 865 817 Lycinna
880 750 948 800 datis.

371 833 463 884 Tertius
478 833 541 882 hand
557 834 632 884 mnlto
648 834 725 884 minus
742 838 777 884 est
794 851 848 884 cnm
863 833 955 883 ducitur
971 844 1058 886 eunus:

408 915 452 965 Vix
469 917 564 967 memini
579 916 646 967 nobis
662 917 732 966 verba
748 919 821 966 coisse
836 916 922 966 decem.

176 1033 285 1094 dorseta
313 1035 379 1090 tuoe
406 1028 534 1106 sepelivit
563 1048 660 1109 omer,
688 1032 788 1108 statim
815 1031 898 1092 addit
921 1029 1080 1108 cynthiam
1101 1033 1262 1109 alloquens.

174 1138 220 1198 Ita
240 1134 307 1195 Sex.
329 1132 467 1193 Aurelius
488 1136 554 1208 post
574 1138 756 1209 praetextam
777 1135 949 1212 demissam,
968 1134 1080 1195 lubrica
1095 1139 1209 1220 aetate,
1234 1136 1261 1195 in

173 1239 250 1299 retia
269 1237 420 1314 Lycinnae
442 1235 557 1312 incidit,
580 1236 668 1296 citato
685 1238 760 1313 pede
770 1237 913 1299 haesuros
929 1238 960 1297 in
976 1236 1121 1313 Cynthiae
1131 1238 1262 1315 laqueis3

174 1343 230 1404 hoc
244 1341 316 1418 erit,
334 1339 568 1400 duodevicesimo
585 1340 633 1398 vel
643 1340 861 1402 undevicesimo
878 1359 962 1401 anno.
983 1342 1050 1418 Ipse
1061 1359 1114 1402 nos
1125 1341 1263 1401 certiores

173 1447 245 1506 tacit
265 1462 297 1505 se
318 1442 425 1502 abhinc
445 1441 602 1502 triennium
622 1448 740 1519 neptem
761 1444 858 1505 Hostii
874 1444 1265 1524 deperire301egiaad'l'er-

175 1551 249 1610 tium
268 1547 391 1607 Librum
411 1545 550 1624 pertinct3
574 1545 673 1621 itaque
690 1549 772 1622 patet
796 1547 868 1607 duos
889 1547 997 1624 primos
1019 1551 1154 1607 exaratos
1174 1546 1265 1607 fuisse

175 1651 269 1712 tribus
299 1649 360 1709 lere
391 1647 485 1708 annis.
516 1646 551 1705 In
578 1647 682 1706 ultima
709 1647 793 1707 Libri
821 1649 916 1709 Tertii
949 1648 1086 1710 desinens
1111 1647 1211 1710 fallaci
1239 1655 1266 1707 ct

177 1753 303 1833 superba
322 1751 418 1811 lurerc
439 1749 608 1827 Propertius
629 1751 685 1812 ait:
759 1779 760 1782 ¹

375 1861 483 1926 Quinque
499 1861 543 1910 tibi
559 1861 626 1927 potui
643 1863 729 1912 servire
744 1863 843 1914 fideliter
860 1879 944 1920 annos;

177 1970 246 2028 ergo
266 1951 385 2011 Tertius
406 1951 518 2012 duobus
539 1951 623 2012 annis
643 1951 788 2028 perlectus
809 1953 873 2015 fuit.

218 2056 425 2115 Verumtamen
446 2055 675 2130 quinquennium
696 2057 852 2133 interrupit
872 2073 1000 2116 annuum
1020 2055 1190 2116 discidium:

287 2158 412 2208 Pecocram
428 2155 500 2205 semel
517 2159 630 2205 ettotam
649 2173 701 2206 sum
717 2158 797 2224 pulsus
814 2160 839 2208 in
856 2175 943 2207 conum
983 2158 1029 2218 (ul.
1039 2158 1114 2228 llVII
1134 2158 1267 2216 LibTert.)

178 2255 247 2316 hinc
267 2255 342 2314 duae
363 2239 431 2314 sunt
450 2270 580 2312 amorum
601 2253 770 2314 divisiones.
790 2254 831 2313 At
853 2254 1003 2330 quaeritur
1023 2257 1120 2314 utrum
1138 2254 1169 2313 in
1184 2254 1268 2329 quin·

179 2357 317 2437 quennali
346 2356 561 2433 computatione
595 2374 687 2418 annus
719 2375 772 2434 per
802 2376 889 2434 quem
920 2362 1032 2417 amator
1062 2357 1163 2434 pulsus
1194 2356 1268 2430 fuit,

175 2460 356 2522 omittendus
367 2460 419 2538 sit,
430 2475 468 2518 an
479 2461 697 2535 computandus.
718 2462 860 2521 Nonnulli
870 2460 1061 2520 omittendum
1072 2463 1206 2538 censent,
1219 2457 1270 2518 alii

104 2599 108 2606 ·
179 2584 238 2625 non
254 2564 347 2624 solum
365 2579 472 2621 annum
490 2561 587 2640 illum,
613 2579 714 2622 verum
741 2563 830 2623 etiam
855 2563 1005 2623 biennium
1026 2567 1094 2623 ante
1115 2561 1270 2622 discidium

181 2663 469 2744 praetermittendum
493 2664 687 2744 contendunt3
713 2665 755 2724 ita
779 2671 812 2724 ut
839 2683 952 2725 amores
978 2683 1043 2725 cum
1064 2663 1194 2741 Cynthia
1213 2681 1271 2723 nou

181 2771 325 2847 quinque,
350 2766 404 2827 scd
424 2771 488 2828 octo
507 2767 598 2828 ferme
619 2786 710 2829 annos
732 2768 925 2830 duravissent.
966 2766 1007 2828 At
1033 2772 1178 2828 amatores
1204 2783 1271 2842 sup-

181 2876 285 2950 putare
304 2888 363 2930 nou
383 2870 478 2930 solent
490 2870 578 2947 juxta
595 2871 781 2931 severitatem
796 2871 867 2932 artis
884 2870 1101 2949 arithmeticae,
1127 2887 1182 2929 nee
1199 2866 1271 2928 mihi

182 2991 310 3051 unquam
340 2972 564 3050 persuadebitur
590 2978 725 3051 poetam,
754 2974 824 3050 quia
848 2972 975 3034 fideliter
1001 2974 1044 3034 ait
1064 2971 1230 3050 amavisse,
1258 2989 1273 3028 c

183 3075 397 3154 computatione
414 3076 595 3136 subtraxisse
610 3076 764 3137 duodecim
781 3094 912 3155 menses,
930 3095 984 3153 per
1001 3093 1074 3152 quos
1084 3075 1272 3137 insanitatem

184 3178 275 3238 animi
294 3177 402 3238 frustm
422 3178 453 3238 in
472 3178 650 3255 turpioribus
671 3179 869 3256 voluptatibus
887 3178 1013 3256 sepelire
1028 3182 1208 3257 tentaverat,
1220 3194 1274 3256 spe
1308 3173 1309 3268 l

184 3279 427 3340 reconciliationis
447 3297 506 3340 non
526 3297 655 3356 unquam
675 3281 798 3357 abjecta.
842 3279 890 3340 Ad
917 3281 999 3357 prius
1021 3279 1171 3340 biennium
1196 3279 1274 3356 quod
1308 3279 1309 3282 ’

185 3383 305 3461 attinet,
326 3401 374 3442 ars
391 3383 493 3444 critica
510 3387 541 3442 et
556 3387 679 3443 natumc
697 3383 841 3444 humanae
859 3383 964 3443 notitia
980 3384 1028 3442 vel
1045 3383 1197 3444 levissima
1206 3384 1273 3444 sub-

185 3485 349 3546 ducendum
369 3490 478 3546 vetant
509 3485 645 3562 Denique
660 3503 744 3546 nemo
765 3484 942 3545 inficiabitur
960 3486 1084 3546 lustrum
1103 3485 1274 3562 neutiquam

185 3592 249 3648 octo
276 3588 325 3646 vel
352 3605 456 3647 novem
484 3605 574 3648 annos
602 3585 782 3665 significare,
804 3585 921 3646 etiamsi
941 3586 1052 3662 scripta
1071 3586 1163 3646 verba
1181 3586 1274 3648 veluti

184 3694 307 3751 tortores
333 3707 385 3767 pro
412 3690 533 3752 arbitrio
559 3707 734 3767 premamus.
775 3688 897 3754 Amator
917 3691 968 3767 qui
989 3689 1130 3768 perfidam
1151 3691 1273 3754 amicam
1308 3657 1309 3746 l
