2642 4396
577 362 635 420 227

176 533 360 611 lmponitqne
381 538 479 596 notam
499 537 574 597 collo
594 553 750 612 morsuque
770 540 919 609 cruentat,

215 637 436 715 Praecipueque
456 639 571 716 oculos,
593 639 644 715 qui
664 657 813 716 mernere,
834 639 912 700 ferit.

175 739 273 816 Atque
294 740 345 801 ubi
361 740 425 817 jam
446 741 553 802 nostris
573 743 698 802 lassavit
717 743 838 802 brachia
857 744 970 822 plagis,

216 843 388 919 Lygdamus
409 843 447 904 ad
467 845 560 921 plutei
580 843 673 906 fulcra
693 845 812 906 sinistra
832 847 928 907 latens

142 1019 145 1026 μ
176 943 311 1022 Eruitur,
332 946 508 1023 geniumque
528 964 625 1007 meum
645 951 808 1024 protractus
830 947 941 1010 adorat.
1108 953 1147 1013 45

216 1045 384 1127 Lygdame,
405 1048 448 1107 nil
468 1049 565 1125 potui:
587 1053 683 1110 tecum
705 1067 759 1126 ego
779 1055 882 1126 captus
903 1068 992 1111 eram.

178 1146 363 1224 supplicibus
383 1150 490 1228 palmis
510 1154 572 1210 tum
594 1151 711 1212 demum
732 1153 771 1212 ad
790 1151 909 1214 foedera
929 1153 1014 1233 veni,

217 1249 290 1311 Cum
310 1250 361 1310 vix
382 1253 543 1328 tangendos
563 1256 699 1331 praebuit
720 1255 772 1314 illa
793 1254 901 1333 pedes,

176 1352 273 1431 Atque
294 1355 351 1414 ait:
376 1353 555 1428 ,Admissae
576 1358 601 1417 si
623 1358 669 1418 vis
690 1375 736 1417 me
757 1358 907 1433 ignoscere
928 1360 1047 1437 culpae,

219 1455 355 1533 „Accipe
376 1473 452 1532 quae
473 1461 590 1518 nostrae
611 1458 735 1518 formula
756 1460 831 1535 legis
852 1460 916 1520 erit.
1108 1459 1148 1520 50

179 1605 193 1634 „
207 1559 255 1619 'Pu
274 1577 369 1636 neque
389 1560 529 1638 Pompeja
549 1562 715 1639 spatiabere
736 1563 831 1622 cultus
852 1563 883 1622 in
904 1563 1023 1643 umbra,

220 1707 234 1735 ,
246 1664 325 1742 Neo,
346 1681 411 1724 cum
431 1664 573 1724 lascivum
594 1665 698 1725 sternit
718 1683 808 1725 arena
829 1664 932 1725 forum.

180 1763 290 1839 ,Colla
311 1783 382 1825 cave
403 1765 535 1825 inflectas
555 1766 594 1825 ad
614 1784 758 1825 summum
779 1765 899 1842 obliqua
919 1765 1082 1845 theatrum,

220 1865 307 1940 „Aut
326 1869 431 1928 lectica
451 1873 519 1928 tuae
541 1886 572 1928 sc
595 1869 645 1928 det
665 1873 767 1944 aperta
787 1887 895 1928 morae.

181 1971 379 2048 „Lygdamus
400 1973 430 2031 11
449 1973 568 2052 primis,
589 1975 683 2033 omnis
703 1973 776 2032 mihi
797 1992 887 2034 causa
907 1978 1060 2054 querelae,
1107 1974 1146 2035 55

220 2118 234 2146 ῃ
247 2073 362 2134 Veneat
383 2074 558 2151 etpedibus
579 2077 697 2137 vincula
717 2077 787 2137 bina
808 2075 940 2136 trahat.''

177 2177 287 2238 Indixit
307 2179 405 2254 leges:
425 2179 562 2258 respondi
584 2197 638 2256 ego
662 2181 802 2257 ,legibus
823 2179 924 2239 utar.'’

217 2281 334 2342 Riserat
354 2281 476 2358 irnperio
495 2281 574 2342 facta
594 2284 721 2360 superba
742 2284 819 2343 dato.

176 2383 254 2444 Dein
274 2401 485 2460 quemcumque
504 2387 600 2446 locum
621 2390 761 2446 externae
781 2385 905 2461 tetigere
926 2386 1058 2462 puellae,

218 2484 327 2564 Suffiit,
349 2485 379 2546 et
398 2505 472 2564 pura
491 2489 595 2548 limina
615 2491 704 2566 tergit
725 2508 818 2568 aqua3
1109 2491 1150 2548 60

178 2589 307 2667 Imperat
327 2595 357 2651 et
377 2595 454 2652 totas
475 2593 580 2652 iterum
602 2597 715 2653 mutare
737 2596 885 2670 lacernas,
978 2671 980 2674 Ι
1260 2575 1262 2580 ’

218 2693 335 2768 Terque
356 2711 452 2754 meum
473 2695 571 2771 tetigit
592 2695 712 2756 sulfuris
733 2695 801 2771 igne
822 2698 918 2772 caput.

178 2795 275 2872 Atque
297 2797 339 2857 ita
359 2799 498 2861 mundato
518 2817 572 2877 per
591 2800 708 2876 singula
728 2799 820 2875 pallia
840 2800 929 2876 lecto,

217 2899 257 2958 Et
277 2899 389 2976 sponda
410 2905 439 2960 et
459 2904 521 2962 tuto
542 2903 683 2962 solvimus
704 2919 785 2960 arma
806 2905 877 2961 toro.

89 3094 131 3143 11.
166 3091 239 3142 Uodd.
255 3098 345 3142 1000010
360 3093 447 3151 hoba,
464 3092 526 3157 quod
540 3092 579 3141 vix
593 3092 701 3157 explicari
715 3094 799 3157 potest.
818 3079 930 3140 Heinsius¹
943 3088 1040 3152 conjecit
1053 3089 1148 3150 ambra,

49 3177 117 3242 quod
143 3178 178 3224 est
203 3174 364 3224 umbraculum
390 3175 426 3224 vel
451 3175 578 3224 tentorium
599 3174 687 3224 deliciis
707 3173 848 3223 instructum
869 3173 894 3221 in
916 3171 1038 3222 remotiora
1059 3169 1149 3221 aedium

50 3261 137 3326 parte,
155 3259 212 3324 puta
228 3257 253 3307 in
268 3257 353 3306 hortis.

90 3365 130 3414 12.
166 3362 309 3414 Concubitus
325 3377 371 3411 non
388 3361 485 3411 obscene
502 3361 603 3418 dietum;
626 3360 687 3410 inter
703 3360 837 3426 Phyllidem
854 3364 878 3410 01
894 3361 974 3410 Totam
991 3355 1148 3408 accumbebat.

90 3470 131 3520 13.
166 3467 239 3518 Codd.
256 3467 352 3532 utrique
367 3469 486 3532 cupellam
504 3467 608 3532 Scaliger
624 3467 725 3517 correxit
740 3467 851 3532 uitrique.

91 3573 132 3624 15.
167 3571 239 3622 Oodd.
257 3572 323 3631 Mle,
341 3576 403 3621 tuus.
429 3571 533 3636 Scaliger
549 3571 651 3630 11110ίο0,
669 3572 808 3638 Aegyptius.
831 3572 877 3622 Sed
897 3569 921 3620 Τ
920 3569 996 3620 bam
1012 3574 1066 3620 erat
1082 3573 1149 3628 tuuc,

53 3674 68 3707 o
84 3657 153 3714 Mle,
167 3654 361 3703 enumerationem
375 3653 456 3702 variat.
476 3652 548 3703 eodd.
566 3655 736 3712 cboraliatria5
750 3653 870 3704 Turnebus
883 3650 1150 3732 repoeniterotala'ctrr'a.

55 3736 164 3802 Phyllis,
182 3752 194 3784 0
210 3735 298 3785 duabus
316 3749 373 3794 una,
391 3735 479 3784 crotala
495 3735 649 3801 percutiebat.
