2624 4398
553 361 612 424 135

154 535 218 598 Sed
237 539 290 598 tua
309 553 386 610 nuuc
407 538 541 598 volucres
562 536 682 598 adstant
701 555 789 614 super
808 554 876 598 ossa
894 536 1041 616 marinae,

193 640 281 700 Nunc
301 639 356 700 tibi
375 659 429 718 pro
449 642 561 702 tumulo
582 639 773 720 Carpathium
793 659 879 702 omne
898 659 978 702 mare
999 645 1053 702 est.

153 743 218 821 Ite,
237 746 317 805 rates
336 761 442 804 curvas
463 747 494 804 et
513 743 567 805 leti
587 744 679 805 texite
700 734 820 806 causas:

192 846 256 908 Ista
276 845 495 925 perhumanae
515 865 592 908 mors
612 847 695 908 venit
715 851 782 909 acta
801 864 914 907 mauus.

153 951 250 1012 Terra
268 967 373 1026 parum
393 949 506 1012 iuerat:
526 951 597 1012 fatis
616 951 779 1030 adjecimus
798 950 910 1012 undas:
1089 952 1127 1013 15

192 1053 326 1114 Naturae
346 1053 470 1115 miseras
489 1055 625 1116 auximus
646 1055 804 1116 arterias.

152 1155 270 1218 Ancora
289 1159 320 1217 te
340 1160 455 1236 tenea,
477 1175 565 1234 quem
584 1176 643 1219 non
663 1160 784 1220 tenuere
804 1157 955 1219 Penates?

192 1259 273 1335 Quid
292 1260 429 1321 meritum
450 1260 548 1340 dicas,
569 1261 617 1321 cui
638 1279 693 1321 sua
712 1266 793 1322 terra
811 1279 915 1338 parum
935 1261 1006 1322 est?

151 1363 314 1424 Ventomm
334 1365 381 1423 est
400 1362 605 1440 quodcumque
624 1381 729 1442 paras:
749 1363 830 1424 haud
850 1365 912 1424 ulla
931 1364 1032 1426 oariua

192 1465 371 1528 consenuit:
391 1467 470 1528 fallit
489 1471 591 1545 portus
611 1471 643 1528 et
663 1468 727 1545 ipse
747 1467 849 1528 fideml
1090 1468 1130 1528 20

151 1571 260 1650 Paete,
281 1571 353 1647 qnid
373 1574 501 1632 aetatem
521 1571 686 1632 numeras?
708 1571 780 1648 quid
800 1588 870 1631 cara
888 1570 1005 1632 natanti

191 1675 289 1736 Mater
307 1675 339 1735 in
359 1693 410 1737 ore
430 1676 485 1736 tibi
506 1675 578 1736 est?
599 1693 657 1736 non
676 1673 768 1735 habet
786 1673 867 1734 unda
886 1673 973 1734 deos!

153 1777 285 1838 Fortuna
304 1777 448 1839 insidians
468 1782 591 1856 pontum
612 1777 774 1838 substravit
794 1776 909 1837 avaris:

192 1881 234 1943 Ut
253 1880 309 1941 tibi
329 1881 484 1961 succedat,
505 1881 558 1942 vix
577 1882 670 1941 semel
690 1898 756 1942 csse
776 1883 883 1957 potest

153 1983 228 2045 Sunt
247 1982 497 2060 Agamemnonias
517 1984 660 2046 testantia
678 1983 766 2045 litora
786 2001 888 2061 curas,
1089 1980 1128 2041 25

193 2086 277 2163 Quae
296 2091 380 2149 notat
398 2087 536 2165 Argynni
555 2105 651 2165 poena
670 2085 931 2148 Athamantiadae.

152 2191 310 2252 Palantum
330 2193 441 2253 socium
457 2192 605 2270 Jacturam
624 2191 707 2252 flovit
727 2190 848 2269 Ulixes,

192 2295 227 2355 Iu
247 2312 329 2356 mare
349 2296 397 2356 cui
418 2295 498 2356 soliti
519 2313 578 2356 nou
597 2295 718 2354 valuere
739 2289 809 2354 doli.

153 2394 234 2458 Saxa
253 2397 447 2475 triumphales
467 2397 582 2474 fregere
601 2394 759 2473 capharea
779 2411 913 2472 puppes,

192 2500 347 2580 Naufraga
366 2519 433 2562 cum
453 2505 538 2562 vasto
558 2499 685 2561 Graecia
704 2501 799 2560 tracta
819 2497 882 2558 salo
902 2499 956 2555 cst.
1089 2496 1130 2555 30

154 2604 222 2664 Nou
242 2604 311 2664 tulit
330 2603 378 2664 hio
398 2603 510 2665 Paetus
530 2603 685 2664 stridorem
707 2602 810 2662 audire
829 2600 977 2678 procellae

193 2708 233 2768 ldt
253 2707 327 2768 duro
347 2711 465 2768 teneras
485 2707 603 2768 laedere
624 2705 693 2766 fune
713 2722 833 2784 manus3
862 2707 863 2710 ’

154 2809 213 2872 Sed
233 2810 334 2888 Thyio
354 2811 386 2871 in
406 2810 536 2871 thalamo
557 2813 608 2869 aut
628 2806 729 2870 Oricia
749 2805 916 2868 terebintho

192 2913 304 2974 Effulto
324 2914 425 2992 pluma
444 2913 621 2974 versicolore
642 2915 746 2988 caput,
918 2897 920 2904 ’

152 3017 232 3079 Huic
252 3017 357 3078 fluctus
377 3016 461 3076 vivos
481 3015 623 3076 radicitus
643 3014 767 3076 abstulit
787 3029 918 3090 ungues,
1089 3012 1128 3073 35

192 3119 233 3180 nt
252 3119 393 3180 miserum
412 3118 526 3180 invisae
547 3118 638 3178 traxit
657 3117 757 3178 hiatus
778 3133 882 3192 aquae.

153 3213 239 3290 Quod
259 3216 285 3278 si
305 3219 458 3276 contentus
472 3213 574 3298 patrio
593 3213 669 3274 bove
689 3215 818 3273 verteret
838 3229 941 3290 agros,

192 3319 350 3396 Verbaque
369 3319 504 3380 duxisset
524 3318 638 3396 pondus
658 3316 769 3377 habere
790 3333 873 3394 mea,

153 3422 275 3483 Viveret
295 3427 364 3484 aute
384 3440 452 3484 suos
472 3421 567 3482 dulcis
588 3421 712 3482 conviva
732 3420 876 3498 Penates,

190 3527 323 3606 Pauper,
345 3530 376 3587 at
395 3527 427 3588 in
447 3530 541 3605 terra,
562 3525 606 3586 nil
626 3525 678 3586 ubi
697 3524 771 3584 flare
792 3526 898 3600 potest.
1086 3525 1127 3584 40

152 3631 229 3691 Nam
249 3630 305 3690 tibi
325 3630 474 3690 nocturnis
495 3629 533 3688 ad
555 3647 629 3689 saxa
648 3629 741 3705 ligata
761 3627 899 3704 procellis

170 3723 171 3726 '
193 3730 300 3793 Omnia
321 3732 427 3793 detrito
447 3732 566 3795 vincula
586 3733 654 3794 fune
675 3733 792 3795 eadunt.
