2642 4396
566 367 624 426 209

167 541 287 622 Gaude,
308 540 428 621 Crasse,
448 541 550 618 nigras
572 542 598 602 si
620 541 691 617 quid
712 542 793 618 sapis
813 542 890 603 inter
911 558 1032 624 arenas3

207 645 254 705 Ire
273 662 327 722 per
346 644 519 721 Euphraten
540 643 579 704 ad
599 647 651 704 tua
671 646 759 706 busta
779 645 858 706 licet.

168 747 217 808 Sic
237 733 351 810 hoctem
371 751 486 828 patera,
509 749 551 810 sic
572 748 677 809 ducam
698 750 842 830 carmine,
864 749 957 812 donec
1104 749 1145 813 85

208 850 326 929 Injiciat
345 851 443 913 radios
464 851 500 920 in
517 869 585 912 mea
604 851 674 911 vina
696 851 770 912 dies.

98 1073 123 1123 3.
157 1073 232 1123 Codd.
248 1075 308 1124 Cera
324 1070 483 1137 Philippacir.
506 1069 634 1120 Beroaldus
651 1065 752 1120 correrii
771 1070 920 1130 Philetaeris,
945 1071 1049 1138 Scaliger
1065 1078 1144 1133 aeria,

43 1153 125 1221 primo
142 1171 208 1214 casu,
225 1171 321 1211 numero
338 1155 459 1220 singulari.
484 1157 552 1204 Serta
568 1154 596 1204 de
612 1150 709 1202 fioribus
727 1157 768 1213 lit,
787 1170 872 1204 corona
891 1155 920 1204 de
937 1154 1146 1216 frondibus,nctat

43 1240 116 1287 vetus
137 1236 267 1287 Scholiasta
289 1238 384 1288 Irucani.
416 1237 556 1303 Propertius
577 1237 614 1286 ul.
639 1237 729 1286 XXIII
751 1253 775 1286 v.
799 1239 830 1288 li
854 1236 908 1287 Lib.
931 1239 995 1288 Sec:
1021 1239 1079 1288 Onna
1102 1244 1145 1288 tua

38 1321 210 1386 praependent
226 1321 341 1370 missae
356 1320 420 1370 inter
432 1321 522 1384 pocula
538 1325 625 1368 certae

99 1411 124 1460 8.
159 1411 231 1460 Uodd¹
261 1409 398 1474 Mppdcniie
425 1409 513 1466 Uadis,
545 1408 591 1457 hoc
616 1412 676 1458 esset
699 1408 758 1458 tibia
783 1409 903 1474 Phrygia,
936 1405 990 1476 quia
1014 1410 1147 1476 Mygdones

45 1496 71 1544 et
95 1493 202 1558 Phryges
224 1492 309 1551 vicini,
333 1495 356 1541 at
379 1492 437 1540 Uadi
458 1493 525 1541 erant
547 1490 628 1557 populi
646 1491 794 1556 Mygdoniae.
820 1493 948 1543 Beroaldus
970 1494 1149 1544 contravirum

44 1575 155 1642 Apollini
176 1575 277 1624 libatum
298 1573 410 1638 intelligIt
432 1574 458 1622 in
475 1572 537 1622 cadis
555 1571 696 1637 Mygdoniis.
731 1573 831 1623 Paccius
848 1577 871 1624 et
888 1575 997 1638 Pcrrajus
1014 1591 1057 1642 pro
1076 1577 1148 1626 Gadis

44 1660 107 1708 dant
123 1657 213 1714 ncodim
230 1657 292 1721 quod
310 1655 492 1720 Hertzbcrgius,
510 1655 592 1721 pedem
601 1655 755 1722 supplodere,
765 1656 846 1706 acerbe
854 1657 971 1724 increpat,
981 1658 1147 1724 quia,inquit‚

48 1741 110 1788 „hic
131 1739 194 1805 ipsae
216 1738 287 1788 tibiae
309 1739 365 1788 cadi
386 1738 511 1804 Mygdonii
533 1738 558 1787 id
581 1742 616 1788 est
639 1739 738 1804 Phrygii
761 1739 881 1800 dicuntur,
906 1742 1037 1806 exquibus
1054 1757 1148 1791 carmen

45 1822 120 1888 qnasi
139 1838 226 1871 merum
250 1821 273 1868 io
298 1836 349 1870 aras
372 1821 505 1870 funditur.n
543 1821 616 1869 Gadis
638 1821 740 1880 retineo,
764 1822 803 1870 sed
820 1822 973 1888 interpretor:
992 1823 1065 1873 Poeta
1082 1822 1149 1886 (tibia

45 1906 146 1964 chunna)
163 1903 192 1952 ad
209 1919 261 1953 aras
277 1906 380 1952 recentes
398 1918 491 1952 carmen
508 1902 558 1952 Diis
576 1907 666 1962 cantet,
685 1907 816 1963 consecret,
835 1908 859 1955 et
875 1905 956 1954 vinnm
964 1902 1022 1954 libet
1034 1905 1058 1953 iu
1068 1905 1146 1972 Phry·

46 1987 94 2052 giis
118 1985 188 2034 cadis.

83 2077 126 2126 14.
160 2077 223 2125 Dum
240 2077 326 2126 Caesar
342 2075 445 2133 canitur,
462 2075 513 2140 ipse
529 2074 641 2140 iuppiter
658 2075 754 2140 patiaris
771 2077 824 2124 tuas
840 2074 919 2126 laudes
937 2075 1010 2125 sileri.

83 2166 192 2217 15-18.
226 2165 359 2231 Ancipitem
375 2169 398 2214 ct
415 2167 530 2215 retortum
546 2164 637 2222 locum,
656 2165 757 2213 nondum
774 2168 837 2213 recte
850 2181 901 2214 meo
917 2165 1146 2232 scnsucxpositum,

47 2251 82 2300 sic
100 2249 256 2314 interpretor:
274 2248 313 2297 hic
331 2251 413 2313 portus
431 2245 535 2304 Phoebi,
553 2245 593 2310 qui
610 2261 635 2294 sc
651 2239 770 2294 subtrahit
778 2245 806 2293 ad
815 2245 885 2295 litora
892 2246 1076 2312 Epirotica‚uhi
1085 2249 1149 2300 sinus

47 2333 132 2383 condit
155 2346 278 2381 murmura
299 2345 371 2394 aquae
394 2327 474 2377 Ioniae
497 2332 565 2392 (quae
591 2330 647 2376 sunt
670 2330 849 2376 monumentum
872 2327 984 2378 victoriae
1006 2331 1115 2380 Actiacae
1137 2348 1151 2381 a

48 2417 151 2466 Caesare
167 2417 257 2480 partae)
274 2412 313 2461 hic
330 2415 411 2477 portus
429 2426 490 2458 nuuc
507 2413 542 2458 eat
559 2412 638 2466 tutus3
655 2410 694 2459 via
711 2411 818 2474 frequens
835 2410 913 2460 nautis
931 2415 980 2470 cst;
997 2412 1031 2462 ihi
1048 2413 1149 2464 multum

46 2497 128 2563 operis
145 2495 290 2559 navigationi
306 2493 456 2559 impenditur.
476 2493 507 2540 At
524 2493 607 2540 nsandi
624 2492 700 2541 coiere
717 2507 801 2540 mann-r
816 2491 841 2540 in
857 2493 903 2541 hoc
919 2492 1023 2559 pelagus.
1047 2497 1149 2562 chosui

45 2595 115 2630 nunc
137 2593 181 2644 pro
203 2593 251 2626 non
272 2591 377 2642 operosa.
413 2574 511 2624 Ovidius
535 2575 594 2624 Met.
613 2575 671 2632 XV,
690 2575 750 2624 666:
769 2575 861 2624 Incerti
877 2576 937 2640 qnid
952 2583 1027 2640 aptant
1041 2593 1149 2642 proceres

46 2663 84 2711 ad
108 2662 196 2724 templa
213 2658 286 2723 petiti
311 2657 455 2707 Conveniunt
478 2672 574 2722 operosa
597 2657 651 2705 Dei.
686 2656 777 2706 Plinius
800 2656 827 2705 L.
852 2657 897 2716 20,
916 2674 966 2724 cap.
984 2659 1014 2707 5:
1034 2661 1105 2724 Syria
1122 2661 1147 2710 in

47 2743 130 2794 bortis
146 2741 323 2808 opererisac'mn,
340 2741 357 2788 i.
375 2756 394 2788 c.
412 2739 493 2788 hortos
511 2739 611 2787 maxime
628 2738 741 2788 excolens.

82 2834 127 2882 20,
160 2833 255 2896 Aequa,
273 2846 319 2879 nou
337 2845 407 2894 aeque
423 2828 517 2878 favebat
533 2831 656 2892 utramque
673 2827 777 2877 classem.

82 2923 128 2974 21.
167 2923 254 2970 Teucro
274 2919 387 2975 Quirina·
404 2919 420 2966 i.
438 2934 458 2967 e.
476 2917 584 2967 Romulo.
616 2917 729 2976 Paccius,
745 2917 858 2977 Volscus,
876 2917 1003 2968 Beroaldus
1019 2917 1080 2968 male
1095 2933 1146 2969 cor·

46 3007 164 3057 rexcnmt
180 3009 260 3052 tenero
280 3002 395 3059 Quirino,
413 2999 508 3049 mollem
526 2999 656 3050 Antonium
673 3000 810 3064 cogItantes.

82 3097 128 3148 27.
163 3094 244 3145 Insula
261 3094 313 3142 Deli
330 3109 409 3142 errans
427 3109 469 3159 per
485 3108 550 3142 mare
567 3095 670 3157 Aegeum
687 3088 797 3155 (mobilis)
814 3090 844 3140 ab
860 3090 969 3157 Apolline
985 3091 1075 3142 stabilis
1087 3092 1149 3142 facia

47 3181 165 3245 (stantem
182 3195 206 3227 se
222 3177 330 3238 vindice).

83 3271 132 3328 29,
151 3269 190 3319 30.
226 3266 340 3331 Virgilius
359 3267 479 3316 Caesarem
496 3263 606 3313 describit
623 3265 691 3326 (Aen.
703 3263 782 3322 VIII,
798 3262 857 3324 680)
865 3267 933 3312 alane
948 3265 1011 3312 celsa
1025 3263 1052 3312 in
1065 3264 1149 3329 puppi,

45 3352 160 3420 pensinae
176 3350 216 3400 cni
232 3354 336 3414 tempora
347 3351 459 3414 flammas
476 3349 553 3397 Laeta
570 3351 666 3396 vomunt
682 3346 833 3410 patriumque
853 3346 961 3410 aperitur
977 3346 1064 3395 vertice
1075 3345 1150 3396 mdccc.

48 3438 120 3487 Hinc
135 3432 309 3483 Ileimrcichius
321 3431 448 3481 distichum
463 3429 728 3496 pseudopropcrtianum
740 3428 921 3494 interpretatur:
931 3427 1036 3492 geminae
1045 3427 1152 3477 flammae

48 3522 117 3570 eirca
134 3515 239 3566 Caesaris
256 3518 363 3580 tempora
379 3514 502 3572 luxerunt,
519 3513 544 3562 in
561 3513 648 3562 vertice
664 3511 742 3561 tertia.
963 3576 965 3581 .

83 3609 128 3658 43.
164 3607 221 3657 Noli
238 3622 292 3655 cum
309 3605 416 3668 Bentlcjo
433 3608 502 3670 atque
517 3603 916 3668 Lachmannoraponeremarcrnm
926 3605 1017 3651 auctor.
1035 3598 1150 3650 Romulus

48 3707 175 3745 meror-nn
192 3706 277 3754 nuper,
295 3688 349 3752 qnia
365 3691 417 3736 tum
433 3688 470 3736 irc
486 3687 616 3735 Palatinas
633 3700 680 3733 non
697 3684 754 3732 denae
769 3682 830 3732 cidit
847 3699 907 3732 aves.

83 3779 128 3830 45.
162 3779 235 3827 Gron.
257 3780 281 3837 ct
302 3779 378 3842 Neap.
401 3782 426 3826 ct
445 3776 558 3832 nimicus,-
575 3774 673 3823 Paccius
690 3787 746 3822 vero
763 3775 787 3822 et
804 3771 931 3821 Vaticanus
948 3771 978 3821 II
994 3789 1024 3822 en
1039 3771 1145 3824 niarium.
1207 3770 1209 3774 ’

1018 3853 1050 3902 14
