2642 4396
556 391 616 454 169

60 534 64 540 ”
155 563 188 645 1,
209 579 299 646 puer,
319 568 351 627 ot
370 564 447 628 oitus
465 563 541 628 haee
561 567 663 646 aliqua
681 583 811 646 propone
830 567 982 648 minuas,

195 668 236 729 nt
256 668 405 731 dominnm
424 671 568 750 Esquiliis
588 672 683 734 sorite
703 671 841 734 habitare
859 676 952 734 tunm.

80 818 105 868 5.
143 821 217 872 tiron.
234 824 258 871 at
272 823 347 889 Neap.
359 825 460 888 placare
470 827 579 891 puellaa;
597 824 726 876 Vossianus
740 825 777 875 IV
793 828 817 875 et
830 823 1006 876 D'Orvilliauus
1017 826 1132 890 puellam.

64 909 105 959 14.
143 912 216 996 Gron.
233 911 281 961 aba
299 913 375 974 borsa,⁸
395 917 472 982 Neap.
490 919 514 966 at
532 915 650 967 Laidousis
666 916 710 967 II:
728 917 783 967 Nou
800 917 866 969 dene.

65 997 105 1047 1⁷.
145 998 216 1051 Codd.
234 1001 324 1052 dolens.
358 1002 457 1054 Procius
474 1007 498 1054 et
515 1006 624 1070 Perrejus
640 1006 727 1057 volens.

33 1087 105 1218 mid.
143 1090 216 1142 tiron.
239 1091 346 1150 dieitur,-
367 1095 444 1162 Neap.
467 1097 491 1146 et
507 1095 546 1146 alii
563 1096 624 1147 male
641 1097 746 1148 decisa.
780 1096 890 1148 Blandae
906 1095 975 1146 dolos
990 1093 1131 1162 interpretor

72 1169 109 1221 eis
123 1171 199 1224 feris.

65 1261 106 1311 22.
144 1262 218 1329 Siqua
234 1269 328 1318 retorta
345 1267 418 1318 Codd.
436 1268 535 1320 Puooius
553 1269 633 1335 lipsa,
650 1268 748 1320 tabelias
761 1268 863 1336 lignem
880 1269 982 1337 itemque
995 1266 1131 1320 Beroaldus.

371 1513 640 1582 ELEGIA
684 1515 794 1583 XXiI.

437 1673 490 1720 ΔΙ)
512 1673 726 1721 orannim.

303 1790 386 1853 (codd.
412 1793 442 1852 7,
468 1793 551 1844 Burm.
576 1793 605 1853 d,
632 1793 730 1843 Laehrn.
756 1793 784 1852 7,
810 1792 859 1854 ΙΙ.)

65 1927 95 1974 In
112 1925 265 1992 chronologia
281 1927 411 1978 oarminum
427 1929 546 1996 Propertii
563 1931 726 1981 constituenda
742 1929 881 1996 gravissima
897 1931 932 1979 eet
948 1929 1005 1978 haee
1021 1928 1096 1994 elegia

96 2023 156 2073 quae
177 2023 221 2057 nos
243 2009 371 2060 oerfissime
393 2010 423 2059 ad
444 2027 481 2061 au.
498 2013 673 2062 Dccxxxvl
689 2017 796 2073 revocat,
813 2012 881 2062 utin
899 2012 1093 2062 commentatione

97 2091 226 2156 proernieaa
240 2089 406 2143 demonstravi.
432 2094 534 2158 Cynthia
550 2097 589 2145 hie
605 2097 691 2161 gaudet
707 2096 768 2162 quod
785 2095 822 2146 lex
838 2095 867 2147 de
880 2095 1016 2145 maritandis
1031 2094 1092 2144 ordi·

98 2171 167 2221 nibus
176 2187 246 2238 qnam
254 2173 376 2238 Augustus
383 2180 507 2240 rogaverat
516 2193 553 2226 an.
564 2178 736 2228 nccxxxvl
746 2182 770 2228 et
779 2181 877 2229 Senatus
882 2177 933 2240 jam
941 2175 1093 2243 probaverat,

98 2253 181 2320 populi
203 2255 315 2321 suffragia
337 2271 383 2306 nou
406 2255 506 2309 tulisset.
541 2260 641 2309 Carmen
664 2261 749 2324 igitur,
774 2261 903 2310 ooniaotum
920 2261 1017 2310 ueruto
1033 2275 1093 2308 anno

98 2336 274 2388 nccxxxv1
300 2337 337 2388 vel
362 2354 423 2390 anno
449 2341 653 2401 nccxxxvll,
683 2342 777 2392 traduxi
802 2343 828 2391 in
853 2341 958 2391 rdentium
984 2340 1093 2392 Librum.

99 2420 188 2468 Versus
203 2417 220 2467 ὁ
237 2421 262 2468 et
279 2420 307 2469 δι
330 2420 365 2472 At
381 2421 486 2486 Maynae
502 2425 592 2474 Caesar
607 2424 711 2474 indieant
727 2423 814 2474 civium
830 2425 991 2475 Romanorum
1007 2437 1092 2489 repug-

98 2499 214 2560 nantiam,
231 2501 272 2566 qni
287 2504 347 2553 testa
363 2503 473 2556 Suetonio
489 2505 594 2560 tumultu
609 2507 686 2572 legem
700 2507 902 2573 impugnaverant.

152 2632 265 2696 Gavisa
285 2653 318 2697 es
338 2641 417 2698 oerte
438 2638 601 2721 sublatam,
622 2640 767 2722 Cynthia,
788 2642 901 2722 legem,

190 2737 275 2813 Quae
295 2741 443 2817 quondam
464 2743 563 2805 ediota
583 2744 687 2806 flemus
707 2750 831 2823 uterque
851 2745 919 2825 diu,

148 2841 188 2902 Ni
209 2861 263 2904 nos
283 2843 445 2926 divideret3
467 2847 604 2923 quamvis
625 2848 764 2909 diducere
785 2850 918 2908 amantes

187 2944 256 3006 Non
276 2952 366 3023 queat
386 2949 494 3011 invitos
514 2951 651 3029 Juppiter
671 2952 735 3030 ipse
757 2952 839 3013 duos.

149 3044 190 3108 At
204 3067 328 3126 magnus
339 3049 502 3122 Caesari..
519 3088 559 3098 -
577 3053 636 3115 Sed
651 3071 776 3131 magnus
792 3052 903 3114 Caesar
920 3053 951 3114 in
969 3050 1073 3114 armis:
1105 3052 1123 3111 5

187 3151 334 3214 Deviotae
355 3159 459 3230 gentes
479 3157 522 3216 nil
543 3157 574 3216 in
597 3175 695 3218 amore
716 3160 825 3219 valent.

148 3254 226 3315 Nam
247 3256 335 3317 eitius
355 3262 473 3335 paterer
492 3263 583 3338 eaput
603 3260 658 3322 hoo
680 3260 831 3321 discedere
852 3260 942 3339 eollo,

188 3357 286 3432 Quam
305 3376 423 3437 possem
443 3366 552 3439 nuptae
572 3363 696 3443 prodere
718 3381 816 3424 amora
837 3361 925 3423 faoes.

149 3461 235 3523 Anne
257 3479 312 3540 ego
333 3465 489 3526 transirem
512 3472 564 3528 tua
583 3469 687 3529 limina
709 3470 809 3529 olaosa
829 3467 967 3546 maritus,

188 3566 362 3644 Respiciens
382 3568 450 3629 udis
469 3571 587 3649 perdita
606 3571 787 3633 luminibus?
1083 3567 1123 3628 10

147 3669 197 3732 Ah
217 3687 285 3731 maa
308 3675 370 3732 tum
390 3673 487 3748 qualis
508 3677 626 3736 caueret
646 3675 715 3753 tibi,
736 3673 878 3752 Cynthia,
899 3689 1015 3736 somnos

187 3773 292 3856 Tibia,
313 3773 431 3836 funesta
450 3775 563 3840 tristior
582 3777 636 3840 illa
654 3777 741 3840 tuba!
