2642 4396
693 359 752 420 154

294 532 423 594 'Pantine
443 531 506 594 ulla
525 529 582 594 fuit
600 532 728 610 spoliata
747 532 844 609 gloria
863 534 984 616 Parthi,

333 638 381 698 Ne
399 636 512 698 faceres
533 635 621 698 Galla
640 639 734 698 multa
753 641 876 715 rogante
896 639 973 700 tua?

294 740 326 802 si
346 740 392 802 fas
412 745 473 820 ast,
494 731 594 802 omnes
614 741 726 820 pariter
745 744 877 821 pereatis
896 744 995 824 avari,
1256 746 1271 804 5

334 843 374 906 ut
394 844 527 923 quisqpis
547 844 605 906 fido
624 846 766 922 praetulit
787 865 870 908 arma
888 849 968 910 torol

293 949 342 1011 'Pu
362 953 461 1010 tamen
481 949 591 1027 injecta
609 952 720 1028 tectus,
741 966 865 1029 vesane,
885 950 1003 1012 lacerna

334 1052 456 1115 Potabis
476 1053 564 1128 galea
583 1051 679 1112 fessus
698 1051 810 1113 Araxis
829 1070 946 1130 aquam.

294 1157 352 1218 Illa
371 1156 491 1235 quidem
511 1155 624 1216 interca
644 1154 723 1216 fama
743 1156 877 1218 tabescet
898 1156 995 1237 inani,

334 1260 416 1320 Haec
436 1264 489 1319 tua
509 1277 547 1319 ne
568 1259 662 1320 virtus
683 1259 735 1320 fiat
756 1279 857 1322 amara
877 1261 942 1323 tibi.

294 1363 379 1425 Neve
399 1366 451 1422 tua
470 1362 575 1424 Medae
595 1364 742 1424 laetentur
761 1365 853 1426 caede
873 1364 1018 1446 sagittae,

333 1466 461 1527 Ferreus
481 1470 585 1527 aurato
605 1483 663 1527 nen
683 1466 890 1544 cataphractus
911 1486 1002 1549 equo,

293 1571 378 1633 Neve
398 1571 511 1648 aliquid
531 1572 568 1631 de
588 1574 618 1631 te
638 1570 767 1631 flendum
787 1571 932 1633 referatur
952 1573 983 1633 in
1002 1591 1087 1634 urna.

254 1673 259 1678 '
334 1673 384 1734 Sic
403 1672 543 1753 redeunt,
564 1673 625 1734 illis
646 1675 698 1750 qui
718 1673 851 1735 cecidere
871 1673 955 1735 loeis.

294 1776 356 1838 'Per
375 1779 480 1852 quater
500 1776 532 1836 in
551 1778 634 1836 casta
653 1774 742 1852 felix,
763 1793 780 1836 o
800 1774 956 1853 Postume,
977 1774 1081 1856 Gaba3

333 1879 463 1939 Moribus
483 1878 531 1940 his
551 1879 611 1938 alia
631 1879 754 1957 conjuge
775 1877 883 1954 dignus
904 1895 979 1940 eras.

294 1979 373 2056 Quid
393 1980 483 2042 faciet
501 1982 583 2041 nullo
602 1981 716 2041 munita
735 1981 837 2059 puella
857 1981 976 2060 timore,

334 2081 407 2146 Cum
429 2085 468 2146 sit
487 2084 622 2146 luxuriae
642 2085 736 2146 Roma
755 2085 898 2162 magistra
918 2083 1015 2146 suae?

294 2188 355 2252 Sed
375 2207 494 2250 securus
515 2207 576 2250 eas.
618 2188 735 2249 Gallam
755 2207 814 2250 non
833 2206 956 2250 munera
976 2189 1111 2270 vincent,
1308 2199 1309 2236 l

332 2293 527 2371 Duritiaeque
547 2297 616 2354 tuae
636 2311 695 2353 non
715 2293 772 2353 erit
792 2293 846 2353 illa
864 2310 984 2355 memor.

291 2397 369 2458 Nam
389 2413 571 2473 quocumque
591 2395 640 2456 die
661 2395 777 2456 salvum
797 2398 827 2456 te
847 2394 909 2455 fata
928 2395 1096 2476 remittent,

332 2500 478 2562 Pendebit
498 2501 573 2562 collo
594 2498 682 2560 Galla
701 2498 810 2577 pudica
829 2503 889 2560 tuo.

293 2603 449 2665 Postumus
469 2604 545 2664 alter
565 2603 622 2663 erit
641 2601 776 2664 miranda
795 2602 921 2680 conjuge
940 2603 1063 2682 Ulixes,

332 2705 401 2768 Non
420 2708 465 2767 illi
485 2709 591 2785 longae
611 2711 655 2770 tot
675 2725 801 2770 nocuere
821 2725 937 2787 morae,

293 2808 398 2871 Castra
408 2811 510 2872 decem
520 2829 661 2872 annorum
672 2815 701 2872 et
712 2809 851 2871 Ciconum
861 2811 1108 2890 manus,lsmara
1118 2814 1201 2890 capla
1224 2809 1260 2868 25

332 2911 523 2990 Exustaeque
543 2918 612 2974 tuae
633 2932 717 2992 mox,
737 2912 936 2992 Polypheme,
957 2931 1062 2992 genae.

292 3015 332 3076 Et
352 3013 452 3077 Circes
472 3016 591 3078 fraudes
611 3018 744 3094 lotosque
765 3017 933 3094 herbaeque
954 3022 1086 3097 tenaces,

334 3119 492 3197 Scyllaque
513 3127 544 3184 et
563 3124 693 3184 alternas
714 3123 807 3183 scissa
828 3120 995 3199 Charybdis
1016 3138 1125 3200 aquas,

292 3221 462 3299 Lampeties
483 3220 593 3284 Ithacis
614 3224 741 3284 verubus
762 3224 892 3300 mugisse
907 3223 1051 3302 juvencos
1107 3231 1110 3242 ·

333 3322 474 3404 (Paverat
493 3324 548 3386 hos
568 3325 687 3387 Phoebo
707 3325 770 3386 filia
789 3325 975 3407 Lampetie),
1219 3321 1258 3380 30

292 3426 331 3487 Et
351 3427 513 3488 thalamum
534 3427 651 3490 Aeaeae
672 3430 770 3491 flentis
789 3430 901 3507 fugisse
921 3430 1059 3507 puellae,

331 3529 449 3606 Totque
470 3528 577 3592 hiemis
597 3536 697 3592 noctes
717 3536 820 3609 totque
840 3537 959 3593 natasse
980 3532 1059 3612 dies,
1305 3591 1306 3604 ,

291 3629 510 3712 Nigrantesque
531 3632 632 3696 domos
653 3635 816 3696 animarum
837 3635 964 3696 intrasse
984 3636 1137 3713 silentum,

332 3732 468 3798 Sirenum
488 3736 576 3800 surdo
596 3739 708 3816 remige
728 3738 826 3801 adisse
846 3739 944 3818 lacus,
983 3776 988 3784 ·
