2642 4396
696 371 754 432 138

181 559 273 596 naam.
295 542 349 594 Lib.
372 545 423 594 Sea.
445 515 490 594 El
506 542 584 592 v111.
607 541 708 608 Vulpius
730 544 809 592 sutem
823 556 910 592 manus
926 542 1009 608 longas
1025 541 1143 614 expliuets
1162 543 1270 610 supplies

182 629 252 693 alque
263 626 361 676 edllsos
369 627 422 674 ante
431 625 602 690 nauigationem
611 628 743 690 susceptam
751 627 836 678 tentas.
853 625 956 675 Furtarii
965 624 1190 690 interpretationem
1198 625 1263 692 probo

213 714 254 764 51.
289 713 362 764 codd.
377 713 462 774 evesa
477 718 563 763 aestus.
586 713 690 778 Scaliger
706 713 838 763 emendavit
854 714 965 764 aduam.

212 803 253 853 63.
286 804 360 852 Gran.
372 801 499 868 positaque
514 801 541 851 ἐκ
554 799 658 867 purpite.
680 803 756 869 Neap.
768 803 851 868 posita
867 808 903 853 eat
919 802 946 852 ἐκ
960 802 1064 868 purpite.

521 986 796 1054 suusln
840 987 933 1056 VIII.

471 1133 586 1181 ΙΜΕ
612 1133 794 1182 AMORIS
821 1131 973 1179 SIGNA.

402 1247 485 1310 (codd.
511 1247 541 1308 8,
567 1249 649 1311 Burm.
676 1247 782 1308 s,111;
809 1246 907 1298 Lachm.
934 1248 962 1307 7,
988 1245 1047 1308 IV.)·

297 1372 401 1433 Dulcis
421 1373 460 1434 ad
479 1374 632 1436 hesternas
652 1373 748 1435 furerat
768 1373 842 1434 mihi
861 1375 928 1434 rixa
948 1373 1101 1450 lucernas,

338 1474 427 1536 Vocis
448 1479 478 1535 et
497 1475 620 1536 insanas
640 1480 684 1537 tot
704 1476 862 1537 maledieta
882 1481 960 1536 tuae.

298 1573 357 1636 (tur
376 1576 534 1638 fisribunda
553 1595 633 1639 mero
652 1596 784 1639 mensam
804 1579 961 1655 propellis,
982 1581 1012 1637 st
1032 1576 1064 1636 in
1084 1593 1131 1636 me

337 1679 461 1758 Projieis
481 1682 589 1741 insana
609 1683 726 1759 cymbia
746 1683 835 1760 plena
854 1680 968 1741 manu?

296 1782 443 1844 Nimirum
463 1784 527 1843 veri
548 1784 619 1845 dant
638 1784 712 1846 haec
732 1784 805 1845 mihi
827 1785 913 1862 signa
933 1782 1055 1844 caloris:
1246 1780 1261 1838 5

336 1887 414 1948 Nam
434 1888 498 1949 sine
519 1906 616 1951 amore
636 1890 720 1966 gravi
740 1889 850 1950 femina
869 1889 953 1948 nulla
973 1887 1062 1948 dolet.

297 1991 347 2052 Tu
366 2010 436 2053 vero
456 1997 570 2054 nostros
589 1994 687 2054 audax
707 1994 815 2055 invade
835 1994 975 2072 capillos,

337 2092 378 2154 Et
396 2111 464 2153 mea
483 2093 616 2156 formosis
637 2095 783 2172 unguibus
804 2112 856 2155 ora
875 2097 959 2174 nota3

298 2196 347 2257 'Pu
366 2197 502 2259 minitare
522 2198 621 2258 oeulos
642 2197 774 2275 subjecta
795 2214 919 2258 exurere
939 2196 1074 2276 flamma3

337 2299 399 2361 Fae
418 2318 484 2361 mea
503 2300 628 2360 reseisso
648 2304 767 2377 pectora
786 2299 866 2359 nuda
886 2299 962 2360 sinu.
1226 2295 1260 2355 10

299 2401 382 2477 Quae
402 2404 508 2463 mulier
527 2403 632 2463 rabida
647 2402 743 2480 jactat
762 2403 895 2463 convicia
914 2402 1032 2481 lingua,

337 2506 377 2566 ut
397 2505 521 2566 Veneris
540 2523 666 2583 magnae
686 2506 814 2566 volvitur
834 2510 901 2566 ante
921 2505 1028 2583 pedss3

298 2605 458 2668 Custodum
478 2608 616 2684 gregibus
637 2626 713 2696 quae
733 2627 792 2669 non
812 2626 844 2669 se
865 2609 956 2686 stipat
976 2611 1110 2685 euntem,

340 2707 400 2770 Sed
420 2711 552 2786 sequitur
570 2698 684 2772 medias
704 2711 826 2771 Maenas
846 2714 878 2772 ut
898 2712 958 2771 ieta
977 2712 1058 2788 vias,

300 2813 359 2874 Seu
379 2813 513 2874 timidam
533 2814 633 2876 erebro
653 2815 801 2875 dementia
821 2816 934 2876 somnia
954 2818 1081 2891 terrent,
1224 2809 1255 2867 15

340 2916 400 2977 Seu
419 2918 558 2978 miseram
578 2919 609 2979 in
628 2920 731 2979 tabula
749 2920 831 2997 pieta
850 2921 950 2997 puella
970 2924 1083 2981 movet:

298 3021 354 3082 His
375 3039 430 3098 ego
450 3023 602 3084 tormentis
622 3023 713 3084 animi
733 3043 798 3085 sum
818 3043 905 3084 verus
927 3041 1069 3101 aruspex;

339 3124 403 3185 Has
425 3125 516 3185 didici
537 3129 615 3186 serto
636 3143 725 3202 saepe
746 3127 778 3185 in
797 3144 896 3187 amore
915 3129 1009 3186 notas.

299 3227 366 3288 Non
387 3231 432 3288 est
453 3230 532 3287 serta
552 3226 641 3307 fides,
663 3245 752 3304 qnam
771 3248 829 3290 non
850 3229 958 3306 injuria
977 3229 1091 3305 versat3

339 3330 482 3393 Hostibus
503 3330 621 3390 eveniat
640 3332 721 3390 lenta
741 3332 841 3408 puella
860 3331 950 3392 meis!
1220 3320 1252 3379 20

301 3433 441 3494 Immorso
462 3433 608 3509 aequales,
621 3433 743 3494 videant
761 3452 828 3494 mea
848 3435 971 3494 vulnera
991 3432 1081 3509 collo,

340 3534 389 3596 Me
410 3535 513 3596 doceat
534 3535 609 3594 livor
628 3553 742 3595 mecum
761 3535 902 3597 habuisse
922 3553 1027 3595 meam.

301 3635 363 3697 Aut
382 3636 414 3696 in
434 3653 532 3696 amore
553 3635 651 3696 dolere
671 3637 753 3716 volo,
775 3641 826 3696 aut
846 3637 948 3696 audire
969 3637 1130 3714 dolentem

340 3738 410 3800 Sive
430 3757 511 3800 meas
532 3739 684 3817 lacrimas,
704 3740 767 3801 sive
787 3739 889 3802 videre
909 3744 985 3800 tuas.
