2642 4396
690 361 748 420 182

288 533 386 594 Causa
406 537 542 610 perorata
562 538 616 595 est
648 533 770 594 Flentes
790 552 854 613 me,
876 534 1006 613 surgite,
1027 539 1137 598 testes:

327 637 396 696 Jam
414 637 543 714 pretium
563 636 644 696 vitae
665 641 750 713 grata
770 637 907 715 rependit
926 637 1051 698 Humus.

286 741 417 801 Moribus
437 745 468 799 et
488 739 602 800 caelum
622 740 733 816 patuit:
754 758 819 802 sum
841 740 932 818 digna
951 740 1107 818 merendo,

326 841 417 921 Oujus
437 842 587 903 honoratis
608 860 675 903 ossa
695 842 841 903 vehantur
861 844 934 903 avis.

286 949 373 1008 Nunc
393 946 449 1007 tibi
469 947 640 1006 commendo
661 947 827 1006 communia
846 947 972 1023 pignora
991 950 1095 1008 nates:

326 1051 410 1112 Haec
430 1069 501 1112 cura
521 1054 552 1110 et
572 1051 665 1110 cineri
686 1051 780 1128 spirat
801 1051 901 1110 inusta
920 1068 994 1111 mec.

288 1156 424 1232 Fungere
444 1155 585 1214 maternis
605 1154 736 1233 vicibus,
757 1157 858 1231 pater!
879 1156 933 1216 illa
953 1172 1086 1215 mearum

330 1258 433 1320 Omnis
454 1259 511 1319 erit
530 1259 605 1319 collo
625 1259 712 1319 turba
731 1258 854 1318 ferenda
874 1264 934 1319 tue.

289 1361 398 1424 Oscula
417 1379 483 1422 cum
504 1360 622 1422 dederis
642 1365 695 1421 tua
713 1360 866 1441 flentibus,
888 1363 986 1440 adjice
1006 1363 1125 1424 matris:

327 1464 407 1525 'Pota
426 1464 529 1526 domus
549 1466 646 1542 coepit
665 1483 743 1526 nunc
763 1483 836 1525 onus
857 1482 922 1526 esse
943 1470 1035 1526 tunm.

287 1568 328 1628 nt
347 1568 373 1627 si
394 1567 467 1644 qnid
486 1567 647 1646 doliturus,
668 1567 727 1628 eris
747 1567 812 1628 sine
832 1567 960 1628 testibus
981 1568 1058 1628 illis:

327 1669 401 1732 Oum
421 1672 560 1750 venient,
581 1671 668 1732 siccis
688 1672 789 1731 oscula
808 1670 879 1730 falle
899 1671 994 1746 genis.

287 1773 341 1834 Sat
360 1775 415 1834 tibi
435 1775 496 1836 sint
514 1778 629 1851 noctes,
650 1791 724 1849 quas
744 1774 783 1835 de
803 1791 866 1852 me,
887 1774 1011 1850 Paulle,
1030 1773 1156 1852 fatiges,

328 1877 505 1955 Somniaque
526 1876 683 1938 infaciem
703 1876 822 1937 reddita
841 1894 932 1953 saepe
952 1874 1035 1936 mihi.

288 1980 386 2058 Atque
406 1982 457 2044 ubi
478 1984 591 2042 secreto
611 1984 712 2040 nostra
731 1979 771 2040 ad
791 1980 949 2041 simulacra
968 1981 1118 2060 loqueris,

329 2086 370 2145 Ut
389 2102 582 2162 responsurae
603 2085 722 2160 singula
740 2085 833 2145 verba
847 2084 927 2161 jace.

290 2188 350 2249 S'cu
370 2193 469 2249 tamen
489 2188 646 2248 adversum
665 2189 788 2248 mutarit
802 2188 897 2265 janua
916 2188 1045 2267 lectum,

330 2290 447 2352 Sederit
467 2295 497 2352 et
516 2289 615 2352 nostro
635 2294 723 2350 cauta
741 2308 869 2351 noverca
887 2294 967 2369 toro,

290 2393 480 2474 conjugium,
501 2395 600 2472 pueri,
621 2394 740 2455 laudate
762 2399 792 2455 et
811 2394 886 2454 ferte
905 2398 1077 2472 patemumt

329 2496 425 2575 Capta
444 2498 528 2559 dabit
547 2499 654 2558 vestris
675 2499 805 2558 moribus
825 2498 879 2558 illa
896 2517 1011 2562 manus.

289 2601 353 2659 Nec
373 2605 497 2660 matrem
517 2600 637 2660 laudate
657 2599 762 2680 nimis3
784 2600 893 2662 collata
911 2601 1004 2677 priori

330 2702 433 2761 Vertet
452 2703 484 2762 in
504 2703 630 2764 offensas
650 2703 745 2762 libera
765 2703 857 2763 verba
876 2720 956 2764 snas.
1225 2705 1257 2764 90

291 2804 351 2866 Seu
370 2825 481 2867 memor
501 2808 553 2866 ille
573 2825 640 2868 mea
659 2811 814 2867 contentus
834 2809 976 2869 manserit
995 2809 1117 2888 umbra,

332 2912 373 2972 Et
392 2911 468 2972 tanti
488 2911 602 2972 cineres
622 2911 741 2970 duxerit
761 2929 827 2972 esse
847 2930 947 2972 meos:

292 3017 407 3078 Discite
427 3019 581 3076 venturam
596 3015 660 3093 jam
680 3033 758 3075 nunc
777 3016 889 3076 sentire
910 3021 1058 3078 senectam

332 3117 482 3196 Caelius,
503 3118 541 3177 ad
562 3136 647 3178 curas
666 3136 722 3178 nec
741 3123 827 3180 vacet
847 3121 909 3180 ulla
928 3120 987 3180 via.

295 3220 391 3298 Filia,
413 3223 445 3278 tu
465 3220 615 3297 specimen
634 3238 775 3282 censurae
796 3225 891 3300 nupta
908 3226 1068 3302 paternae,

333 3323 395 3382 Fae
415 3326 518 3384 teneas
537 3341 644 3403 unum,
665 3326 871 3405 minitata,
891 3326 997 3387 virum.

295 3426 381 3502 Quod
400 3425 474 3486 mihi
494 3425 657 3488 detractum
678 3431 742 3506 est,
762 3431 876 3490 vestros
896 3429 1018 3490 accedat
1037 3431 1077 3490 ad
1095 3447 1207 3492 annos:

333 3529 419 3589 Prole
439 3545 506 3588 mea
525 3528 662 3590 Paullum
682 3530 725 3589 sic
740 3530 828 3607 juvet
847 3548 912 3592 esse
932 3549 1043 3594 senem.

223 3750 297 3800 1-8.
331 3747 380 3799 Hic
396 3750 431 3797 est
447 3749 472 3798 in
489 3747 563 3798 crud.
580 3762 689 3798 umerum
706 3749 775 3798 crde:
