2624 4398
664 309 723 372 124

268 483 456 561 „Contentus
477 484 574 546 niveis
593 500 709 561 semper
728 482 885 544 vectabere
904 484 1021 563 cycnis,

308 588 400 663 „Nec
419 591 449 652 tc
468 587 553 650 fortis
572 587 642 665 eqni
662 587 750 648 ducet
770 587 809 648 sd
829 606 912 648 arma
931 605 1028 650 sonus.
1204 592 1241 651 40

267 690 346 766 „Nil
365 691 422 752 tibi
441 691 481 753 sit
500 709 588 753 rauco
607 691 764 769 praeconio
784 692 909 754 classice
927 709 1017 754 cornu

307 793 440 874 „Flore,
459 812 515 857 nec
534 793 661 856 Aonium
680 794 798 872 cingere
817 795 911 856 Mente
931 813 1049 877 nemus,

267 894 355 972 ,3Aut
374 897 481 974 quibus
501 897 533 957 in
553 897 666 975 campis
685 897 818 959 Mariano
837 898 951 976 pruche
971 899 1056 976 signo

306 997 434 1079 „Stent,
455 1002 486 1060 ot
506 999 684 1076 Teutonicas
704 1001 799 1062 Romu
819 1001 961 1079 refringet
980 1019 1068 1082 opcs3

267 1102 441 1178 „Burburus
461 1107 515 1164 cut
533 1101 630 1166 Sncvo
650 1104 786 1182 perinsus
806 1107 950 1184 sanguine
971 1107 1094 1168 Rhenus
1204 1105 1239 1167 45

305 1205 440 1281 „Saucia
458 1209 601 1270 moerenti
621 1227 742 1286 corpore
761 1214 860 1271 vectet
879 1221 967 1288 nque.

267 1310 410 1388 „Quippe
430 1315 581 1374 coronatos
601 1313 730 1374 alienum
750 1314 790 1375 od
809 1315 900 1375 limen
920 1317 1069 1394 umentes,

307 1414 560 1492 „Nocturnneque
580 1421 675 1477 canes
689 1416 771 1478 ebria
791 1417 878 1494 signu
897 1417 998 1496 lugne3

267 1518 336 1593 „Ut
354 1536 407 1595 per
426 1521 457 1578 to
477 1519 592 1580 clausas
612 1519 687 1581 sciat
707 1524 868 1581 excantare
887 1521 1018 1600 puellas,

307 1620 393 1697 „Qui
414 1624 493 1684 volet
512 1627 645 1684 austeros
665 1627 729 1684 orte
749 1623 838 1686 ferire
857 1623 945 1686 uiros.
958 1625 975 1654 ”

264 1723 353 1786 Talia
373 1722 506 1802 Calliope
525 1725 713 1804 lymphisque
734 1746 753 1788 s
772 1727 851 1789 fonte
871 1727 972 1805 petitis

304 1826 364 1889 Ore
382 1828 537 1892 Philetseo
556 1835 656 1893 nostra
674 1831 785 1908 rigavit
805 1849 891 1909 eque.

178 2026 218 2076 13.
254 2024 361 2075 Castalia
377 2042 407 2076 es
424 2027 522 2088 arbore,
540 2042 586 2078 non
600 2043 629 2079 cx
643 2043 690 2078 unu
702 2027 784 2079 arbore
799 2027 878 2088 lnnro,
897 2028 937 2079 sod
953 2043 966 2078 c
982 2042 1077 2078 nemore
1094 2023 1202 2076 cunno.

178 2122 218 2172 tl.
252 2122 326 2172 Codri.
342 2124 398 2173 Non
414 2124 462 2175 hic.
480 2124 579 2176 Volscus
595 2125 689 2191 scripsit
704 2140 752 2174 non
770 2125 839 2185 hine,
856 2125 881 2174 in
898 2124 978 2190 vulgg.
995 2127 1123 2191 receptum.

176 2220 217 2270 21.
252 2219 324 2270 Oodd.
346 2226 438 2272 sevena
454 2227 489 2272 ert
500 2223 602 2288 papissa.
625 2225 702 2273 Nemo
718 2224 811 2289 prester
828 2223 957 2281 Nostrum,
974 2224 1041 2271 notet
1059 2221 1232 2276 Lachmannns,

143 2304 189 2354 isto
206 2301 318 2353 vocabulo
334 2319 391 2354 usus
407 2308 450 2355 est.
468 2305 588 2370 Livinsjus
605 2309 628 2355 et
645 2305 762 2372 Scaliger,
780 2305 969 2355 emendaverant:
984 2302 1143 2369 praescn'ptor
1156 2303 1234 2349 werla

143 2390 179 2436 est
198 2385 292 2451 popina
313 2401 393 2450 pyros.
416 2387 460 2446 Sed
481 2389 548 2439 evelti
568 2404 641 2453 pyros
662 2404 706 2456 pro
728 2404 758 2438 es
773 2387 856 2452 ,cyris,
873 2389 940 2437 extre
956 2399 1040 2451 gyros,
1057 2399 1105 2434 non
1118 2378 1233 2449 probetur.

145 2467 280 2519 Fonteinins
296 2468 427 2519 emendnvit
443 2470 559 2536 deflectet
575 2470 668 2538 Opinor
683 2485 763 2521 verum
772 2469 912 2536 scripturum
920 2483 981 2519 esser
997 2465 1233 2533 praesumpsissem

143 2556 179 2602 est
190 2550 284 2618 papissa
297 2551 373 2615 pyris.

177 2650 219 2701 26.
251 2651 299 2701 Est
313 2650 339 2700 in
356 2650 463 2702 omnibus
481 2652 555 2706 Godd.
572 2656 645 2705 erut.

176 2748 218 2799 29.
252 2747 326 2799 cccc
342 2749 409 2815 Ergo
426 2749 559 2802 Musarum.
577 2751 668 2804 Vitistn
684 2753 807 2819 scripturn
824 2752 892 2817 Eryo
908 2749 966 2800 nihil
982 2748 1022 2800 hio
1037 2747 1230 2809 conclusitque-

144 2847 242 2898 onmquc
263 2847 332 2883 sensu
355 2831 496 2899 conpletum
519 2833 604 2886 Musae
626 2838 704 2886 untern
725 2834 750 2885 in
771 2851 795 2885 v.
812 2833 845 2883 33
867 2833 1036 2884 descnhuntur.
1066 2830 1174 2882 Heinsius
1189 2841 1230 2892 pro

144 2915 211 2981 quo
224 2913 323 2979 conjecit
337 2913 429 2980 Oryim
446 2915 556 2984 Ungenrs
568 2932 612 2984 pro
621 2907 751 2968 'Mororum
765 2916 879 2968 divinavit
893 2916 1042 2980 Mycrarum:
1059 2918 1115 2983 post
1127 2919 1230 2979 θυμω

144 2998 232 3048 Bsochi
247 2997 390 3049 Sacerdotes.

177 3097 219 3149 42.
253 3097 327 3149 nond.
342 3098 415 3163 fieren
431 3095 506 3148 Junns
522 3097 601 3147 Donec
617 3095 722 3164 reposuit
733 3097 805 3164 flare.
1055 3111 1068 3140 ο

178 3194 219 3246 45.
253 3196 327 3247 Gron.
343 3199 387 3247 aut
402 3210 470 3254 reso,-
494 3197 571 3263 Nsep.
596 3199 639 3247 eut
654 3208 730 3245 raeco.
748 3195 848 3246 Pncoius
865 3199 889 3246 ot
906 3193 1032 3246 Bemnldns
1050 3199 1094 3244 out
1111 3193 1193 3250 θωνα,
1206 3189 1227 3236 ei

144 3278 179 3330 ite
194 3293 285 3345 qnoque
302 3277 429 3330 Vsticenus
445 3279 461 3328 Ι
477 3282 500 3329 et
518 3279 561 3339 11,
578 3281 602 3329 et
618 3277 746 3328 Vossianus
762 3278 800 3328 ΙΙ.

177 3376 219 3426 49.
253 3376 492 3444 uscuearepueuas
504 3373 1226 3440 Codri.PnccinsetPnrrejusesor-or03Livinojuseupoysore.

145 3459 306 3512 Broulthnsins
328 3459 408 3510 docuit
428 3459 570 3511 locutionem
586 3463 716 3511 eccardus-e
731 3459 860 3510 densatam
876 3473 925 3508 esss
941 3471 955 3506 s
970 3455 1084 3522 frugibus*
1095 3471 1123 3505 ex
1139 3468 1190 3518 ogre
1203 3449 1224 3498 in

145 3557 228 3608 ugrum
243 3541 347 3607 hnjectis
369 3541 459 3608 magico
483 3542 585 3592 cumino
609 3543 649 3606 (V.
669 3540 796 3606 Virgilium
812 3541 867 3590 Eoi.
884 3540 914 3599 8,
931 3555 954 3590 v.
972 3539 1027 3601 99);
1049 3541 1174 3588 eremus
1187 3532 1224 3580 11⁰⁰

144 3627 197 3678 loco
220 3628 256 3678 est
277 3623 365 3693 puellos
387 3625 475 3677 sluusns
496 3625 559 3677 iores
578 3624 673 3685 elicere,
696 3623 733 3674 vel
755 3623 833 3691 potius
851 3622 939 3688 eripere
955 3620 985 3673 sb
1002 3619 1047 3671 elio
1065 3621 1177 3676 metere,
1191 3612 1224 3678 qui

159 3721 185 3760 ss
201 3707 304 3762 cuent
318 3706 448 3773 diligenter.
