2642 4396
714 372 772 434 156

317 548 410 610 Nulla
430 553 476 610 est
495 549 651 629 poscendi,
671 549 754 610 nulla
773 551 820 610 est
838 546 1007 610 reverentia
1026 547 1131 628 dandi3

355 650 432 732 Aut,
452 651 479 713 si
498 669 558 731 qua
578 655 638 733 est,
657 653 754 732 pretio
773 653 887 715 tollitur
906 653 965 714 ista
984 670 1074 714 mora.

315 753 405 816 Felix
423 756 495 817 lloie
514 757 564 818 lex
583 756 694 820 funeris
714 775 775 818 una
794 757 924 837 maritis,

355 856 435 932 Quos
454 857 569 921 Aurora
589 860 651 920 suis
670 859 760 920 rubro
778 860 889 920 colorat
908 859 1001 936 equis.

314 962 465 1042 Namque,
485 963 705 1038 ubimortiiero
721 963 805 1042 jacta
825 965 871 1024 est
890 962 941 1023 fax
960 962 1066 1024 ultima
1085 964 1171 1042 lecto,

353 1065 485 1126 Uxorum
505 1064 578 1126 fusis
599 1069 658 1127 stat
677 1067 729 1144 pia
748 1067 835 1127 turba
854 1065 961 1146 comis,

313 1169 354 1231 Εἰ
374 1173 521 1232 certamen
540 1169 651 1231 babent
671 1170 758 1250 laeti,
779 1188 855 1247 quee
875 1170 945 1231 vive
965 1173 1104 1248 sequatur
1224 1247 1226 1251 Ι

354 1271 544 1355 Gonjugium3
565 1275 659 1353 pudor
678 1278 724 1335 est
744 1292 802 1335 non
822 1273 941 1334 licuisse
961 1273 1044 1334 mori.

313 1374 427 1438 Ardent
446 1378 597 1457 victrices,
618 1382 648 1439 et
667 1378 802 1439 flammeo
822 1380 941 1454 pectora
960 1377 1104 1455 praebent

353 1479 566 1557 Imponuntqne
587 1481 648 1540 suis
668 1499 720 1541 ora
738 1484 859 1557 peruste
877 1480 959 1540 viris.

313 1583 370 1644 Hic
390 1601 482 1661 genus
503 1583 624 1644 infidum
644 1588 816 1662 nuptarum:
836 1583 886 1644 hic
905 1584 988 1644 nulla
1007 1584 1106 1661 puella

351 1687 416 1749 Nec
435 1685 495 1748 fida
514 1688 654 1768 Euadne,
675 1706 729 1749 nec
749 1689 800 1766 pis
820 1688 978 1765 Penelope.

312 1791 401 1854 Felix
420 1796 568 1868 agrestum
588 1792 734 1869 quondam
753 1810 871 1870 pagana
885 1792 1042 1869 juventus,

352 1895 481 1955 Divitiae
502 1913 624 1972 quorum
644 1895 749 1956 messis
770 1898 801 1955 et
820 1895 906 1955 arbor
926 1897 1023 1973 erant,

312 1997 376 2059 Illis
396 2017 503 2076 pompe
522 1999 577 2060 fuit
597 2000 721 2060 decussa
741 1997 875 2076 Cydonia
893 2015 990 2076 ramo,

351 2101 391 2161 ut
411 2102 481 2161 dere
501 2101 634 2179 puniceis
654 2102 742 2179 plena
762 2101 890 2162 canistra
909 2101 1006 2180 rubis,

311 2207 398 2268 Nunc
417 2206 511 2267 violas
531 2206 652 2268 tondere
672 2224 776 2286 manu,
797 2223 874 2265 nunc
893 2204 986 2265 mixta
1005 2202 1113 2265 referre

350 2307 432 2369 Lilia
450 2309 599 2386 virgineos
619 2309 718 2370 lucida
737 2327 791 2386 per
811 2307 959 2388 calathos,

311 2412 351 2474 Ilt
369 2418 488 2492 portare
508 2415 570 2475 suis
590 2416 714 2476 vestitas
735 2414 887 2476 frondibus
906 2431 996 2492 uvas,

350 2516 411 2578 Aut
430 2518 543 2579 variam
563 2509 682 2596 plumae
702 2517 885 2580 versicoloris
905 2534 999 2576 avem.

310 2629 366 2690 His
387 2631 448 2688 tum
467 2628 620 2688 blanditiis
640 2626 749 2686 furtive
768 2643 821 2703 per
841 2629 926 2686 antra
945 2623 1062 2700 puellae

351 2731 459 2794 Oscula
478 2733 619 2794 silvicolis
640 2733 739 2809 empta
760 2729 868 2790 dedere
887 2729 969 2788 viris.

309 2837 451 2900 Hinnulei
471 2837 558 2915 pellis
579 2838 657 2896 tutos
677 2833 813 2912 operibat
833 2837 981 2911 amentes,

349 2941 488 3019 Aptaque
508 2940 609 3001 nativo
629 2941 761 3000 creverat
780 2935 873 2997 herbe
892 2941 971 3014 toro,

309 3045 401 3106 Pinus
421 3049 452 3107 et
472 3044 642 3105 incumbens
662 3042 756 3102 laetas
777 3037 977 3100 circumdabat
996 3035 1130 3115 umbras,

349 3149 414 3210 Nec
433 3147 530 3210 fueret
549 3147 643 3207 nudas
663 3161 759 3222 poena
778 3142 880 3202 videre
900 3141 980 3201 deae.

309 3251 450 3331 Corniger
469 3250 648 3330 Amphrysei
668 3265 791 3308 vacuam
810 3244 937 3324 pastoris
957 3244 989 3304 in
1009 3243 1106 3303 aulam

348 3357 418 3417 Dux
437 3353 514 3414 aries
535 3356 650 3412 suturas
670 3350 740 3436 ipsc
754 3345 872 3408 reduxit
891 3361 981 3423 oves,
1284 3423 1285 3434 ἵ

310 3459 422 3539 Dique,
443 3458 576 3534 deaeque
596 3473 715 3534 omnes,
736 3453 843 3531 quibus
864 3454 909 3511 est
928 3449 1022 3510 tutela
1042 3465 1095 3527 per
1114 3460 1202 3524 agros,

349 3560 537 3622 Praebebunt
556 3558 662 3619 vestris
682 3557 774 3617 verba
794 3555 923 3632 benignu
942 3551 1030 3613 focis:

314 3665 381 3742 „llt
401 3666 547 3744 leporem,
568 3663 745 3741 quicumque
761 3659 865 3738 venis,
886 3655 1057 3736 venaberis,
1078 3654 1191 3734 hospes,

353 3767 421 3844 „Et
441 3767 467 3828 si
486 3767 561 3828 forte
581 3781 647 3827 meo
668 3763 786 3825 tramite
806 3759 924 3839 quaeris
944 3759 1064 3819 avem.”
1085 3793 1125 3805 -
