2624 4398
714 323 754 382 70

185 499 317 566 Vulgstunr
337 502 363 550 st
384 497 481 563 vulgare
503 511 539 546 mc
561 495 659 560 capiant
681 494 795 561 expellere
816 509 863 544 nou
888 476 1007 555 dubitavi,
1029 499 1054 547 ct
1075 498 1159 563 scripsi
1180 498 1265 556 iuria.

184 581 223 631 Sic
246 579 355 631 Catullus
377 580 406 630 dc
427 580 495 629 Corn.
518 579 572 629 Ber.
596 594 619 628 r.
637 576 681 628 18:
706 579 775 638 Non,
792 578 830 628 ita
848 594 885 628 mc
901 578 964 638 dici,
983 595 1039 630 ocra
1053 586 1162 644 percont,
1174 582 1265 644 justin.

177 681 180 688 ’
216 685 257 737 35.
293 687 350 753 Ipso
371 685 412 750 qui
433 685 496 735 hunc
518 684 610 735 omnndi
632 685 740 745 modurn,
763 685 838 736 veluti
861 687 955 735 tontum
971 683 1064 734 indocto
1081 685 1153 750 vulgo
1168 685 1266 750 dignum,

181 768 350 836 despiciebam,
367 784 430 818 nnnc
446 766 528 835 probo.

215 875 256 926 36.
289 873 375 930 liccem
400 871 429 921 dc
453 870 549 921 locubus
574 869 670 920 urbanis
694 871 733 920 vel
759 869 855 937 piscinis
881 869 999 936 intellige,
1029 871 1070 936 qui
1092 871 1179 936 publici
1202 873 1267 922 fontcs

183 961 252 1016 sunt,
274 955 335 1005 unde
357 970 443 1021 squam
463 953 559 1003 heurire
581 952 688 1002 omnibns
710 952 746 1000 scs
768 955 811 1002 cst
846 952 949 1002 Versum
972 953 1153 1019 Propertinnum
1175 953 1266 1004 illustret

182 1038 242 1089 illud
260 1037 340 1087 Ovidii
356 1036 485 1094 distichon,
502 1033 556 1084 Am.
575 1034 619 1093 Il,
637 1035 683 1084 192

352 1119 423 1175 Quod
437 1118 493 1168 licet
509 1122 533 1168 et
542 1116 622 1183 facilc
639 1122 688 1176 cst,
705 1116 810 1182 quisquis
827 1116 892 1182 cupit
908 1117 994 1168 arbore
1003 1116 1109 1183 frondes

385 1201 490 1265 Carpat,
507 1202 531 1250 et
547 1215 561 1249 e
577 1213 662 1263 mcqno
673 1197 775 1264 flumine
790 1203 870 1248 sumat
886 1213 980 1263 aquam

556 1402 829 1472 ELEGIA
873 1404 912 1471 V.

613 1555 666 1602 ΔΙ)
689 1555 849 1603 ulricum.

423 1673 507 1739 (nond.
525 1673 571 1734 23,
588 1674 673 1726 Bnrm.
691 1672 736 1733 18,
754 1673 798 1733 II;
815 1673 913 1723 Leohm.
931 1673 959 1733 6,
976 1673 1039 1736 ΙΙΙ.)

216 1807 278 1856 Cum
294 1803 444 1870 prcoccdcnte
460 1802 591 1853 arctissime
605 1802 720 1852 cohaeret.
737 1801 834 1852 Amicus·
850 1800 932 1865 objicit
946 1805 1041 1866 poctce:
1058 1801 1125 1851 'l'clie
1139 1802 1240 1868 proloqui

247 1888 336 1939 mdes?
355 1885 525 1948 (meretriculas
539 1885 647 1945 luudcrc,
662 1885 809 1935 honestiores
823 1883 921 1934 feminas
936 1884 1085 1944 deuouere.)
1102 1900 1144 1934 noc
1158 1885 1241 1950 pudet?

249 1985 325 2020 nonne
341 1972 396 2019 tuns
414 1969 556 2018 crunnus
572 1965 640 2026 liber,
658 1983 728 2032 quem
745 1965 886 2031 divulgasti,
904 1966 1010 2015 omnium
1027 1964 1136 2016 menibus
1144 1967 1241 2018 teritur?

249 2050 364 2109 Simulcs;
386 2049 426 2099 sed
446 2049 563 2099 nemiuem
583 2047 662 2099 fallis:
687 2048 759 2114 lippis
781 2052 806 2097 et
826 2047 961 2098 tonsoribus
984 2051 1067 2098 notum
1084 2053 1121 2098 est
1136 2052 1160 2098 tc
1179 2049 1240 2099 illam

249 2148 321 2182 unam
336 2130 448 2198 deperire.
465 2160 499 2168 —
516 2131 654 2197 Propertius
671 2134 765 2181 contre:
785 2131 835 2180 Cur
856 2131 931 2195 igitur
952 2131 1017 2180 lrons
1033 2147 1085 2180 mes
1096 2132 1239 2182 hiscevcrbis

250 2212 382 2264 erubcsccro
397 2213 508 2264 deberet?
540 2213 650 2262 Dictcriis
667 2217 691 2263 ct
704 2213 815 2264 conviciis
829 2215 937 2262 mutuam
956 2213 1087 2263 animorum
1101 2214 1238 2278 conjunctio-

251 2310 304 2344 nem
317 2309 365 2343 non
378 2293 478 2366 occulto3
501 2293 622 2358 Ingenuus
631 2293 878 2343 omcrhomiucmnon
888 2295 967 2354 notul,
982 2298 1100 2359 nsquecst·
1108 2296 1238 2346 reticendus.

251 2378 321 2444 Quod
337 2377 358 2427 si
375 2376 479 2442 Cynthio
496 2375 557 2425 mihi
572 2375 649 2424 facilis
665 2378 739 2435 esset,
756 2378 800 2426 cto.

306 2518 382 2614 „Tu
402 2537 547 2616 loqueris,
567 2553 633 2597 cum
648 2535 714 2614 jam
734 2536 776 2596 sis
796 2539 864 2597 noto
883 2535 984 2597 fabula
1003 2537 1078 2599 libro

345 2640 413 2716 „llt
432 2645 485 2702 tuc
504 2641 544 2701 sit
564 2644 625 2701 toto
645 2639 801 2700 Orrnurr
820 2641 899 2701 lecte
918 2639 979 2701 foro
992 2640 1007 2700 P
1021 2643 1039 2670 ''

306 2741 372 2817 Quo
392 2760 461 2803 mes
480 2742 580 2803 verbis
600 2742 648 2802 his
669 2745 807 2820 aspergat
828 2746 960 2821 tempora
980 2743 1091 2804 sudor?

343 2846 425 2907 Haut
444 2846 554 2925 pudor,
576 2847 720 2922 ingenuus
740 2845 814 2907 haut
833 2846 1001 2907 reticendus
1021 2866 1110 2908 amor.

304 2947 389 3023 Quod
409 2948 436 3010 si
456 2952 517 3010 tam
536 2947 634 3010 facilis
654 2949 781 3026 spiraret
800 2947 929 3026 Cynthia
948 2947 1047 3030 nobis,
1249 2949 1263 3009 5

343 3053 411 3114 Non
431 3071 486 3131 ego
506 3053 658 3130 nequitiae
678 3053 792 3114 dicerer
812 3071 878 3115 csse
898 3035 999 3134 capnt,

303 3155 367 3216 Nec
387 3156 430 3217 sic
449 3174 503 3234 per
522 3159 615 3218 totam
635 3155 754 3216 infamis
774 3155 944 3218 traducerer
964 3157 1082 3218 urbem:

343 3259 452 3320 Ureret
473 3263 503 3320 et
522 3259 674 3338 quemvis,
695 3259 812 3320 nominc
832 3258 925 3319 verbs
944 3260 1053 3322 clarem.

303 3360 401 3436 Quare
421 3379 459 3422 ne
478 3362 535 3424 tibi
555 3363 595 3424 sit
614 3363 720 3424 mirum
740 3380 788 3424 me
809 3381 949 3441 quaerero
968 3365 1061 3446 viles3

341 3463 462 3527 Parcius
482 3465 642 3526 infamant:
663 3484 733 3527 num
752 3466 809 3527 tibi
829 3466 1038 3528 consoleris?
1232 3465 1262 3526 10

214 3627 245 3686 3,
262 3626 287 3677 4.
321 3626 395 3678 codd.
413 3642 505 3688 omnes,
524 3631 617 3696 prsetcr
635 3630 710 3680 (lton.
728 3629 774 3680 Oui
789 3644 837 3680 non
854 3630 892 3681 lic
908 3630 993 3682 certic
1009 3630 1060 3682 Aut
1073 3633 1154 3696 pudor
1164 3631 1260 3695 {symm

181 3709 372 3762 accrescendo
386 3725 461 3762 amor.
478 3711 556 3762 Locus
571 3711 670 3764 vitiatus
684 3716 709 3764 ct
725 3713 881 3779 perobscurus
894 3713 1018 3765 infeliciter
1032 3713 1135 3764 exercuit
1142 3713 1260 3778 interpreter
