2640 4400
726 345 763 402 18

316 514 409 577 'Petra
426 530 542 576 venena
561 514 657 576 libens
677 518 709 576 et
727 513 889 592 nauhcgns
909 515 1011 577 ebibat
1030 515 1141 596 undas,

354 617 395 678 lit
414 635 564 694 nunquam
583 619 637 696 pio
656 620 687 678 tc
708 618 836 693 deneget
855 634 922 678 esse
941 617 1047 680 miser:
1245 620 1275 676 40
1298 599 1299 676 Ῠ

315 718 409 801 (Quos
428 719 542 780 utinam
561 719 593 780 iu
612 718 712 798 uobis,
733 719 812 800 vita,
834 719 987 798 experiare
1007 721 1124 784 labores
1133 721 1154 804 l)
1298 703 1299 706 Ἴ

354 823 422 884 lem
443 823 497 884 tibi
517 823 555 883 de
575 822 687 883 timidis
707 822 765 884 iste
784 827 938 903 protervus
958 824 1031 904 erit,

314 926 374 1002 Qui
393 945 470 989 nnnc
490 927 521 988 in
540 927 684 988 tumidum
699 927 842 1006 jactando
861 928 945 989 venit
965 927 1121 1009 honorcm3

353 1032 519 1093 Discidium
537 1030 622 1092 vobis
642 1030 794 1108 proximus
815 1048 910 1091 annus
931 1030 998 1092 erit.
1298 1035 1299 1072 l

314 1133 356 1196 At
375 1153 423 1196 me
442 1152 501 1196 non
520 1137 602 1194 aetas
622 1132 748 1193 mutabit
767 1136 830 1194 tcta
849 1132 999 1212 Sibyllae,
1245 1133 1276 1192 45

354 1239 421 1300 Non
441 1238 524 1299 labor
544 1235 683 1316 Alcidae,
704 1255 763 1298 non
782 1235 868 1314 niger
888 1236 940 1297 ille
960 1235 1040 1298 dies!
1298 1247 1299 1250 ’

229 1419 269 1470 13.
304 1419 376 1468 Gron.
393 1419 427 1468 Ac
442 1419 510 1468 mullo
527 1417 557 1466 de
573 1431 609 1466 me
624 1415 712 1467 teritur
726 1415 859 1466 subtemine
872 1433 952 1477 amor,
973 1415 999 1476 ἃ,
1016 1421 1084 1482 (quac
1099 1416 1167 1468 litere
1182 1416 1218 1467 uel
1232 1432 1276 1481 que.
1298 1395 1299 1408 ἵ

195 1501 232 1552 vel
247 1501 291 1568 qui
306 1499 435 1566 significare
450 1500 536 1566 potest)
552 1496 601 1546 Alii
618 1497 675 1547 God.
688 1512 732 1563 pro
741 1498 772 1548 de
784 1497 1085 1564 neperhibentdomlnm
1094 1514 1138 1565 pro
1145 1497 1276 1552 sublumise,

195 1585 231 1635 vel
253 1583 391 1643 sublimine,
413 1581 450 1632 vel
471 1582 514 1632 sub
537 1580 626 1630 limine
663 1580 693 1628 In
717 1578 788 1643 hujus
813 1579 919 1646 corrupti
940 1579 986 1629 loci
1003 1579 1155 1646 explicatione
1172 1584 1195 1632 et
1211 1594 1275 1630 enen·

194 1667 287 1717 datione
308 1664 507 1717 uehementissime
527 1665 661 1713 aestuarunt
681 1661 728 1712 viri
749 1661 820 1712 docti.
854 1662 958 1728 Scaliger
979 1664 1096 1714 subiissem
1114 1679 1216 1714 connexa
1233 1675 1278 1712 uoce

194 1750 392 1816 interpretabatur
411 1747 484 1797 limen
505 1745 601 1796 inferius
623 1745 719 1801 domus;
747 1743 856 1808 Perrcjus
887 1744 1006 1796 observat:
1037 1747 1179 1806 sublimius,
1204 1746 1232 1795 id
1251 1747 1277 1793 esi

194 1831 314 1898 superbia.
336 1829 445 1879 Davisius
462 1827 603 1878 emendavit:
623 1826 750 1884 molimine
768 1825 891 1876 Heinsius:
909 1827 1126 1888 sullimimeumor,
1139 1829 1205 1894 quia.
1220 1828 1276 1876 Jaco-

196 1914 248 1964 bius
272 1912 347 1978 magis
372 1912 480 1961 audacter
498 1911 566 1960 mullo
588 1909 676 1960 teritur
698 1924 750 1974 spes
773 1909 869 1969 limium,
893 1924 1012 1975 umorque.
1047 1911 1206 1960 Nihilominus
1220 1907 1276 1959 lectio
1298 1941 1299 1980 p

196 1995 302 2046 codicum
321 1993 364 2044 sui
388 1993 469 2042 limine
490 2006 558 2041 amor
579 1993 641 2039 recte
661 2006 715 2039 cum
737 1991 869 2040 Passeratio
885 1989 976 2040 defendi
993 1993 1077 2057 potest.
1113 1993 1161 2042 Sub
1177 1991 1235 2041 idem
1251 1991 1277 2036 el

196 2094 224 2127 ac
245 2077 286 2134 iu;
310 2075 395 2133 limem,
419 2074 445 2123 in
467 2089 512 2139 qno
535 2076 626 2122 ametor
642 2073 748 2123 exclusus
761 2073 825 2137 jacet
840 2088 947 2139 pemox‚
964 2073 1077 2139 accipitur
1093 2089 1137 2140 pro
1154 2073 1277 2124 exclusione.

135 2223 137 2228 Ι
197 2159 271 2208 Gutta
286 2156 346 2222 lepis
361 2155 459 2214 teritur3
477 2158 502 2205 at
518 2155 582 2204 nulla
599 2153 728 2205 exclusione
744 2157 768 2204 et
784 2155 870 2219 injuria
885 2155 971 2205 teritur
987 2171 1066 2216 amor,
1083 2156 1123 2222 qui
1139 2159 1224 2214 restat,
1236 2167 1276 2220 per·

198 2242 288 2290 severat
309 2240 353 2287 ete.
387 2237 475 2288 Versus
498 2237 603 2286 durimes
626 2240 649 2286 st
668 2237 792 2301 juncturae
814 2253 861 2288 non
882 2237 964 2287 molles
979 2236 1004 2285 in
1022 2238 1146 2304 Propertio
1161 2238 1221 2288 haud
1237 2249 1278 2285 raro
1297 2265 1298 2272 κ

198 2319 352 2372 offenduntur.
369 2318 494 2369 Lenienda
501 2322 580 2368 tamen
591 2319 665 2370 altera
678 2320 770 2370 Heiusii
786 2319 929 2385 conjectans:
947 2320 982 2369 Ac
997 2323 1065 2372 mullo
1081 2321 1191 2372 domim
1206 2318 1278 2370 terite

197 2404 241 2454 sui
258 2401 339 2452 limine
355 2404 456 2452 emulor.

231 2508 272 2557 21.
307 2504 380 2555 Godd.
395 2505 508 2568 sandycis
524 2504 620 2555 amictu.
652 2504 825 2555 Heimreichiue
840 2508 908 2556 notat
924 2505 1048 2556 secundam
1063 2507 1176 2572 sandycis
1192 2502 1276 2569 corripi.
1296 2493 1297 2552 s

198 2595 222 2642 et
237 2588 336 2656 conjecit
352 2586 468 2650 loculucis
475 2608 485 2646 ;
502 2602 560 2652 quac
576 2586 687 2637 ditiomm
703 2587 776 2638 vestis
792 2590 846 2654 epte
863 2586 966 2654 plebejse
982 2585 1115 2655 opponitirr.

231 2695 273 2745 22.
306 2692 354 2742 Hic
372 2692 444 2742 Codd.
461 2691 575 2742 distichon
593 2691 716 2744 exhibent:

449 2774 510 2823 Cum
526 2771 583 2822 satis
598 2788 644 2821 una
660 2774 707 2824 tuis
724 2773 839 2826 insomnia
854 2779 933 2842 portet
948 2775 1039 2836 ocellis,
1295 2837 1296 2842 ¹

481 2855 536 2904 Une
552 2853 583 2904 sit
599 2856 623 2904 et
639 2855 713 2906 cuivis
729 2855 816 2908 femina
832 2858 907 2908 multa
924 2858 1000 2917 malum

199 2939 261 3006 quod
283 2938 418 3005 Propertius
440 2937 541 2988 scribere
561 2952 608 2987 uon
631 2939 717 3005 potuit.
749 2940 774 2989 Si
799 2940 851 3006 quis
871 2942 1010 2991 servandum
1027 2941 1160 3004 existimat,
1178 2941 1279 2994 obnitente

200 3021 312 3072 sententia
319 3020 413 3070 distichi
421 3019 562 3080 duodecimi,
578 3019 727 3072 durissimam
741 3022 880 3073 locutionem
889 3023 1076 3075 minorisversus
1091 3041 1145 3075 cum
1160 3027 1279 3076 Burmsmo

200 3102 314 3166 corrigat:
337 3101 391 3150 ch
407 3101 451 3150 dul
466 3105 491 3150 ct
506 3101 581 3151 cuivis
597 3101 687 3160 femina
701 3104 778 3154 mulla
791 3106 871 3163 mula5
888 3104 926 3154 vol
939 3105 1030 3171 potius:
1053 3106 1107 3158 ΠΜ
1119 3111 1160 3158 sul
1172 3113 1208 3158 esl
1222 3101 1279 3158 mlvii
1294 3149 1295 3158 ,

201 3185 291 3239 femina
305 3187 367 3234 mula
382 3183 477 3233 mulum
495 3182 533 3232 Sic
550 3182 647 3233 Ovidium
663 3183 717 3238 Am.
736 3185 778 3246 Il,
795 3185 827 3234 br
845 3186 893 3238 Hei
909 3187 970 3237 miii
981 3193 1120 3254 perpetuum
1138 3195 1198 3240 mu
1211 3161 1295 3255 paelici

201 3269 296 3318 mulum.

234 3371 276 3420 24.
310 3368 382 3419 Oodd.
398 3372 511 3434 quamtum
527 3367 563 3418 sic
578 3369 678 3423 cruciat.
711 3372 745 3420 At
768 3371 807 3437 qui
828 3371 853 3421 in
870 3373 957 3423 multos
973 3389 1064 3424 amores
1080 3375 1158 3426 officia
1174 3373 1279 3427 recoctus

202 3457 249 3506 huc
270 3456 293 3504 et
313 3452 370 3502 illuc
386 3450 498 3511 volitent,
515 3467 557 3501 nec
574 3451 666 3502 disclmt
684 3469 754 3503 unam
772 3469 863 3514 amare,
881 3455 944 3506 euris
962 3457 1128 3522 clangoribus
1145 3460 1195 3510 ueri
1211 3443 1294 3509 acensi

197 3530 250 3586 'non
266 3534 407 3584 alliciuntur.
433 3531 522 3598 Scripsi
545 3534 643 3584 luculum
660 3549 715 3584 mom.

236 3639 277 3690 27.
311 3637 385 3688 Codd.
407 3641 434 3687 al
455 3636 478 3688 si
496 3639 577 3687 saecla
585 3640 672 3702 forms
687 3639 794 3705 antiquis
807 3644 881 3705 prata
893 3640 991 3706 puellis.
1019 3642 1164 3708 Interpretes
1181 3637 1279 3708 explicant

203 3737 244 3788 per
261 3719 421 3788 Hypallagen:
444 3719 466 3769 si
487 3721 584 3771 saecula
607 3721 707 3788 antiqua
726 3727 800 3788 pratu
816 3727 892 3774 esseut
905 3723 1001 3788 puellis.
1035 3724 1224 3776 Emendationom
1240 3715 1293 3772 Ioui*
