2642 4396
570 367 627 428 201

77 545 124 594 31.
159 541 298 594 Tolumnius
312 543 368 592 feeit
384 542 457 593 (tosso
473 544 612 610 potestatam
628 540 785 608 oolloqn'mdi,
812 540 900 592 sirium
916 555 1014 592 suorum
1030 538 1145 608 praesidio

40 627 161 676 oouhsus.

79 717 125 766 34„
160 717 234 768 Gron.
249 716 364 782 timeque
378 715 516 774 inductum
535 718 610 782 Neap.
628 720 651 765 et
668 715 825 766 Mantelianus
841 713 911 764 vinea
926 729 975 779 qua
990 712 1097 762 duma.

79 806 124 857 38.
159 805 301 856 Plutarchus
317 805 343 854 iu
359 805 461 857 Romulo
478 805 561 855 scribit
578 807 678 856 Cossum
695 809 719 855 et
736 803 877 854 Marcellum
894 802 1048 870 spoliaourru
1061 799 1149 850 trium·

44 888 114 955 phali
137 888 265 946 invexiser;
287 887 343 937 hino
365 886 503 937 obtruncata
525 887 635 937 Tolumni
652 887 730 938 cervix
747 886 807 936 lavit
823 901 894 951 equor
910 883 1030 951 quadrigis
1043 881 1149 947 junatos.

82 979 125 1029 39.
161 977 235 1027 (todd.
252 995 268 1027 a
285 977 368 1027 Rhesso
384 977 506 1037 trajectos.
525 977 605 1028 Gallos
624 978 732 1027 Gessatos
749 993 763 1026 a
778 977 861 1026 Rheno
878 973 1011 1026 nouarouit
1021 971 1150 1030 Claudius,

46 1060 90 1125 qui
107 1075 183 1125 nequa
197 1059 223 1109 in
239 1059 316 1110 Gallia
331 1059 485 1126 thamalpina
500 1075 574 1126 nequa
588 1061 614 1109 in
631 1058 756 1110 Germania
772 1058 899 1125 pugnavit,
918 1057 957 1107 sad
970 1056 999 1106 ad
1008 1053 1148 1105 Clastidium

48 1144 84 1193 ois
93 1142 199 1200 Pedum
215 1158 288 1207 nequa
301 1141 337 1192 illi
350 1141 498 1206 trajecerant
512 1143 634 1200 Rhenum,
654 1139 789 1191 Insubrium
806 1139 891 1190 anxilio
908 1139 1071 1195 adventantas;
1085 1136 1149 1186 Galli

49 1225 115 1274 enim
132 1227 211 1284 arsut,
229 1241 276 1274 nou
293 1223 412 1274 Germani.
430 1224 469 1272 Sic
488 1224 573 1274 eruditi
591 1223 643 1274 riri
661 1224 764 1289 Guyetus
782 1223 882 1272 conexit
897 1222 1017 1273 Eridano.
1038 1219 1148 1270 Rhenum

49 1310 132 1357 tamen
154 1307 253 1357 retinere
274 1322 398 1373 possumus
414 1306 598 1372 interpretando:
617 1305 696 1356 hostes
712 1305 748 1354 illi
765 1304 864 1371 profesti
881 1320 895 1353 a
912 1304 994 1353 Rheno
1010 1301 1036 1350 iu
1052 1301 1149 1350 ltaliam

51 1406 78 1440 se
103 1389 253 1454 trajmerunt.
287 1389 382 1438 Rhenus
405 1391 455 1438 tam
479 1387 601 1438 Gallorum
627 1403 696 1454 quam
722 1387 893 1436 Germanorum
918 1400 1040 1437 oommnne
1060 1384 1148 1433 flumen

50 1471 188 1524 habebatur.

86 1563 128 1612 41.
162 1563 295 1614 Allumine
311 1563 395 1614 Rheno
411 1566 493 1614 natum
510 1579 534 1614 se
547 1562 660 1626 jactabat.
692 1560 838 1612 Passeratius
855 1557 993 1624 ooujioiebat
1009 1573 1025 1608 a
1041 1558 1148 1607 Brenno.

86 1653 128 1702 42.
162 1653 237 1702 Gran.
254 1655 277 1702 et
294 1653 369 1720 Neap.
386 1653 473 1703 nobilia
489 1669 502 1702 e
518 1653 605 1710 notia,-
631 1651 786 1702 Mentoliauus
803 1655 827 1702 et
843 1649 922 1700 rectis.
947 1647 1036 1697 Solitus
1053 1644 1149 1695 fundere

48 1733 130 1799 janula
145 1735 201 1784 dum
217 1730 279 1799 ragit
295 1750 396 1784 currum.
414 1735 525 1786 Heinsius
542 1735 665 1802 proposuit
680 1751 694 1785 e
710 1734 791 1793 tectis,
809 1732 847 1783 val
863 1732 961 1791 meotis,
978 1729 1016 1780 vel
1032 1728 1131 1779 aeas.

87 1825 128 1873 43.
162 1826 236 1884 Gran,
246 1825 384 1890 jacebatis
401 1827 430 1876 ad
448 1827 548 1892 aporiae.
580 1827 681 1876 Puooius
692 1825 819 1891 jaculanti
835 1842 865 1875 es
882 1823 993 1890 inquiam
1010 1820 1054 1872 ad.
1072 1819 1149 1885 Rheg.

53 1908 84 1957 ab
102 1907 207 1972 ioquin.
225 1907 250 1956 Si
259 1909 398 1973 jaculantis
415 1909 526 1968 retineas,
544 1907 584 1958 illi
600 1924 643 1975 pro
660 1909 728 1958 illius
744 1909 834 1958 dietum
851 1907 903 1956 erit.
920 1903 1009 1970 Scripsi
1021 1901 1150 1952 Jaeulaesi

53 1989 108 2040 duoi
124 1990 164 2056 qni
181 1991 280 2055 virgatis
291 1994 349 2040 'erat
364 1991 466 2050 braoais,
484 1996 509 2041 et
521 1990 642 2056 jaculabat
659 1990 688 2040 ab
705 1991 766 2050 asie,
783 1989 875 2056 torquis
883 1985 1059 2037 deoiditaeollo
1066 1984 1149 2034 ineisa.

88 2081 129 2130 46.
164 2081 241 2130 Causa
262 2083 298 2130 est
320 2083 381 2147 quod
404 2081 496 2132 Feretri
518 2082 586 2132 Jovis
609 2082 685 2132 omine
707 2082 755 2132 dux
776 2081 832 2130 sarit
848 2079 929 2129 dnoem
945 2077 1067 2128 inimicum
1084 2078 1148 2126 aerto

55 2179 118 2213 ensa.
143 2165 213 2214 Certo
229 2179 284 2214 aare
300 2157 369 2216 utin
388 2165 505 2232 Propertii
521 2163 560 2215 Fl.
578 2166 651 2224 XXI,
670 2181 693 2214 v.
713 2163 744 2214 lb
762 2161 816 2214 hib.
833 2163 897 2213 Sao:
914 2160 937 2212 ai
953 2164 1017 2212 certo
1031 2173 1092 2224 puer
1109 2157 1149 2207 tie

55 2245 199 2298 sesamae
214 2261 280 2297 ares.

582 2523 621 2589 V.

507 2705 698 2772 Tum-tit.

343 2851 427 2914 (Oodd.
445 2852 528 2904 Burm.
546 2852 576 2912 4,
594 2852 647 2912 IV;
665 2851 763 2903 haohm.
780 2852 809 2912 4,
827 2850 868 2912 V.)

179 3036 342 3117 Tarpejum
362 3055 466 3098 nemus
487 3041 518 3098 et
538 3037 686 3114 'Farpejae
706 3040 792 3114 turpe
812 3035 976 3114 sepulerum

218 3140 317 3203 Faber
338 3145 367 3202 et
388 3141 502 3218 antiqui
522 3141 627 3201 limina
647 3143 733 3217 eapte
752 3139 844 3200 Jovia.

179 3244 278 3303 Lucos
300 3248 364 3304 erat
384 3243 456 3304 felix
476 3243 620 3304 hederoso
640 3243 771 3304 cominus
792 3245 891 3320 anno,

217 3347 369 3423 Multaque
390 3347 499 3407 nativis
519 3347 662 3423 obstrepit
682 3345 767 3406 arbor
787 3345 888 3423 equia3

180 3449 294 3510 Silvani
314 3467 431 3511 ramosa
451 3451 570 3529 domus,
591 3467 649 3527 quo
670 3449 764 3509 duleis
785 3449 823 3507 ab
844 3449 928 3508 aestu
1134 3444 1152 3504 5

219 3552 335 3614 Fistula
354 3557 474 3631 poturas
495 3553 537 3614 ire
553 3552 679 3630 jubebat
700 3568 778 3612 oves.

178 3657 265 3717 Hune
286 3656 392 3718 Tatius
411 3655 523 3717 fontem
542 3657 621 3717 vallo
642 3654 806 3732 praecingit
826 3669 946 3732 acerno,

220 3759 355 3837 Fidaque
376 3764 516 3837 suggesta
538 3763 634 3823 eastra
654 3764 773 3821 eoronat
792 3758 888 3819 humo.
