2642 4396
562 367 620 427 149

30 537 163 588 ltabertus
177 537 287 604 Ungerus
301 553 345 589 acu
358 555 407 590 rem
421 539 513 605 tetigit,
529 540 658 606 statuitque
672 541 711 592 hio
724 541 848 608 legendum
862 557 912 592 esse
926 558 979 592 oum
988 541 1140 592 Lachmauno

28 620 190 683 Hyde-iaris,
205 636 275 671 versu
289 624 367 670 autem
380 621 413 671 46
423 623 527 688 reposuit
536 639 650 676 aramue
659 625 813 688 Hydriades,
826 627 850 674 et
858 625 891 674 32
899 624 952 675 tear
960 628 988 674 ut
995 623 1141 686 Hydrusin.

27 703 95 753 Post
121 703 252 770 palmarem
273 705 383 754 (lumeni
400 705 596 767 emendationem,
614 710 716 757 mataras
733 706 860 774 praeterire
876 721 985 772 possum;
1002 708 1039 764 at,
1056 705 1140 770 luqusr

28 800 61 835 an
85 787 203 840 husam?
235 785 348 837 laetorum
369 787 498 838 exhilarare
520 788 598 838 liceat.
633 788 709 838 italus
731 789 825 857 quidam
848 787 959 852 conjecit:
988 789 1040 838 Nec
1061 787 1139 839 minor

26 867 161 917 Ammius
176 871 213 918 est
228 867 302 918 Amor
317 873 342 919 rt
357 870 485 934 Dryadas:
503 871 604 936 facitque
619 872 731 922 Amorem
749 871 902 921 devorantem
918 870 1051 936 Nymphae

65 972 112 1023 13.
146 971 187 1021 Sio
208 973 281 1022 Gran.
304 975 328 1023 et
350 975 426 1040 Neap.
449 977 473 1024 et
493 973 600 1024 meliores
618 974 691 1024 Oodd.
709 977 731 1026 A
748 976 916 1042 Nympharum
931 973 1052 1024 fraudibus
1068 989 1137 1035 eave,

27 1069 59 1103 ne
75 1052 127 1103 tibi
141 1053 267 1104 errandum
282 1055 314 1105 sit
327 1071 370 1122 per
382 1057 474 1106 montes
488 1060 512 1107 et
527 1072 583 1107 sexa
597 1055 808 1123 etlsensignotos,
822 1073 869 1107 non
878 1059 999 1123 expertos;
1014 1055 1137 1122 quaeolirn

27 1136 155 1187 Hercules
169 1152 292 1204 perpessus
304 1140 341 1187 est
355 1137 444 1204 Hylam
459 1153 570 1203 quaereus
585 1141 610 1188 et
622 1138 715 1188 deflens.
746 1138 851 1188 turbida
865 1154 908 1204 pro
915 1137 1050 1204 stipiduin
1059 1139 1136 1188 Ham·

27 1218 161 1285 burgensi,
179 1221 203 1270 et
215 1235 262 1269 uno
276 1219 425 1280 Colbertin03
444 1221 504 1271 unde
518 1221 649 1270 Gronovius
662 1223 798 1288 reposuerat
812 1220 920 1280 torrida,
935 1219 1030 1286 Lipsius
1043 1219 1136 1270 tabida.

64 1325 111 1378 15.
147 1325 223 1376 dsscer
239 1340 307 1376 error
322 1324 443 1376 Herculis.
469 1325 583 1376 Hercules
599 1341 705 1376 moerens
723 1330 748 1377 et
765 1342 851 1377 errans.

63 1416 111 1466 23.
147 1416 228 1464 Comes
244 1413 328 1465 incuti
338 1415 448 1479 jurensis,
466 1416 543 1481 Hyles
559 1432 618 1482 puer
635 1432 711 1466 eomes
728 1417 811 1466 invicti
828 1415 945 1466 Herculis.

63 1503 109 1554 27.
145 1503 240 1553 Palosis
256 1519 300 1569 pro
317 1504 377 1563 alis,
395 1505 484 1556 Graeca
499 1505 624 1556 locutione.
658 1505 780 1570 Livinejns
797 1504 922 1571 proposuit
934 1505 1031 1570 pluma.

64 1592 114 1652 29,
134 1593 175 1643 30.
210 1594 288 1643 Locus
310 1595 459 1646 vehementer
482 1597 576 1647 vexavit
598 1597 746 1662 interpretes.
779 1595 875 1646 Nodum
896 1611 969 1660 neque
992 1593 1135 1646 Herculeum

29 1687 109 1739 neque
133 1675 292 1735 Gordianum,
316 1677 393 1727 solutu
410 1680 488 1728 umen
504 1679 567 1728 haud
582 1679 675 1728 facilem
692 1678 741 1728 siue
757 1678 857 1743 quadam
873 1677 959 1728 mentis
975 1676 1135 1736 contentione,

30 1756 171 1822 expeditum
192 1756 302 1818 habebis,
325 1759 359 1808 sio
375 1759 519 1826 intelligens:
537 1761 696 1821 insidiatores,
714 1761 773 1811 alter
790 1777 803 1809 a
820 1761 916 1820 dextra,
933 1760 992 1810 ulter
1010 1776 1023 1809 a
1040 1760 1136 1810 sinistra

31 1837 115 1902 Hylae
131 1836 257 1897 volabant;
282 1839 360 1905 itsque
377 1839 426 1890 ulae
442 1845 548 1892 extentae
565 1846 588 1891 et
604 1857 727 1908 suspensae
744 1858 816 1908 puero
833 1841 941 1908 proxime
957 1842 1066 1899 ademut3
1083 1844 1134 1892 turn

31 1921 114 1986 Hylas
136 1921 230 1971 vultum
250 1923 395 1988 proclinabat
412 1923 455 1973 sub
472 1924 509 1973 ala
525 1924 651 1984 voluteris,
669 1925 831 1974 sinistrorsum
847 1927 920 1990 puta,
936 1923 1016 1990 iteque
1027 1924 1135 1990 pendens

30 2003 56 2052 in
73 2003 119 2053 illa
135 2003 318 2063 reclamatur,-
335 2006 429 2066 dunde,
447 2007 481 2056 sie
495 2008 715 2058 extremitatem
728 2010 805 2057 tectis
818 2009 842 2057 et
856 2009 935 2066 tutus,
950 2021 1029 2066 mmo,
1042 2004 1135 2070 virgnis

32 2087 142 2147 eruebat,
160 2087 294 2137 removebat
309 2090 415 2138 volueres
432 2089 543 2139 iusidias.

65 2177 109 2227 33.
145 2177 219 2228 Gron.
233 2177 356 2242 Arganthi
370 2178 488 2242 Phleqrs,
505 2180 581 2244 Neap.
598 2178 799 2244 Arpantkipteqe.
818 2175 921 2240 Scaliger
929 2174 1032 2226 correxit
1041 2175 1134 2239 Pecus,

31 2257 158 2308 Turnebus
180 2259 256 2323 Papa,
278 2275 362 2310 nomen
384 2260 507 2326 proprium
529 2260 601 2310 fontis
623 2260 667 2310 sub
684 2259 782 2318 vertice,
799 2259 824 2310 iu
840 2259 956 2308 radicibus
973 2258 1031 2324 ipsis
1046 2258 1134 2308 montis

33 2341 161 2406 Arganthi.
179 2341 324 2391 Credendum
337 2343 410 2408 igitur
419 2342 548 2391 eritlaeum
556 2342 682 2391 Ascanium
691 2344 801 2391 voeatmu
810 2338 980 2405 quoquetuisse
988 2340 1081 2403 Pegeu,
1096 2337 1134 2388 vel

33 2423 111 2489 Pegse
124 2439 197 2490 aquas
212 2427 325 2474 sustentes
339 2425 364 2473 in
379 2423 506 2473 Ascanium
515 2424 650 2474 fluxisseits
659 2426 685 2473 ut
694 2423 809 2472 oumleou
818 2423 1021 2480 confunderentur,
1040 2420 1134 2471 umuiei

34 2509 112 2557 tsmm
126 2506 173 2556 viri
185 2505 294 2556 dubitent
307 2507 335 2556 de
349 2506 443 2556 nomine
455 2506 551 2573 proprio
565 2506 637 2556 fontis
652 2508 729 2569 Pege;
744 2505 827 2554 Greeoi
842 2505 904 2554 euim
919 2506 999 2555 senten
1009 2503 1135 2569 quemlibet

34 2601 120 2660 vocant
137 2588 241 2667 πηγήν.
276 2599 400 2650 Praeterea
421 2599 478 2648 haec
497 2597 598 2647 nominis
614 2595 716 2647 mutatio
733 2594 856 2645 obsemam
872 2593 948 2644 reddit
965 2593 1132 2643 narrationem.

34 2680 151 2731 Mundum
171 2681 244 2731 latere
265 2697 345 2732 censeo
362 2685 386 2731 et
401 2696 501 2747 repono:
519 2680 568 2729 Hic
584 2683 638 2729 erut
654 2709 687 2716 -
705 2678 827 2743 Arpuutti
842 2692 915 2743 paene
931 2680 967 2726 est
984 2674 1028 2726 sub
1044 2674 1133 2725 vertice

34 2762 129 2814 montis.
166 2763 292 2812 Vaticanus
309 2765 338 2814 ΙΙ
356 2763 532 2828 Ανμιιιιίιιιιιίιί,Ι
550 2761 615 2812 Leid.
632 2761 660 2821 I,
679 2761 722 2810 Ed.
740 2763 815 2828 Rheg.
828 2761 945 2826 pilaque,
960 2759 1059 2824 Μαρια.

65 2851 108 2901 44.
145 2851 217 2902 Oodd.
240 2852 338 2902 tauteus
359 2853 451 2902 deutra.
486 2851 632 2900 Passeratius
654 2850 754 2916 explicat
779 2849 897 2898 sadducto
921 2847 1018 2898 brachio
1036 2849 1132 2897 conatus

35 2935 158 2984 extrahere
171 2935 264 3000 plenam
278 2951 380 2984 umamu
397 2933 590 2983 Hemsterhusins
605 2935 698 2982 eontra:
716 2931 855 2996 nobliquato
867 2928 1131 2996 eorporeproclinatus,

35 3014 107 3065 altera
124 3031 195 3066 mauu
211 3018 239 3066 ut
254 3015 403 3074 inniteretur,
422 3015 505 3074 altera,
524 3031 584 3081 poue
600 3016 719 3074 dextram,
738 3031 822 3079 squam
838 3014 970 3064 hauriret·
995 3011 1039 3062 Nil
1056 3011 1132 3062 dicam

35 3097 62 3146 de
77 3097 233 3163 ambiguitate
248 3100 272 3148 et
289 3097 430 3148 obscuritate
446 3097 552 3148 lectionis
568 3113 627 3162 quae
643 3099 720 3162 patet;
745 3096 783 3146 sed
801 3094 965 3145 animadvertit
982 3095 1131 3143 Burmannus

36 3185 168 3246 sequentem
192 3196 287 3232 versum
312 3179 389 3244 (eujus
414 3179 517 3229 caudore
542 3195 655 3229 aermnae
679 3177 839 3242 Hydriades),
864 3177 989 3226 humerum
1014 3176 1131 3226 nudamus

36 3263 160 3328 requirere.
186 3263 240 3328 Qua
255 3262 284 3312 de
301 3277 326 3312 re
344 3262 436 3312 Heinsii
453 3261 636 3332 emendationem
653 3261 803 3326 recepissem,
821 3274 892 3324 quam
906 3256 1070 3306 Broukhusius
1080 3257 1131 3321 jam

35 3343 58 3392 iu
75 3347 186 3396 contextu
203 3344 342 3404 admiserat,
366 3359 480 3410 quumque
498 3343 691 3393 Hemsterhusins
708 3342 842 3392 laudaverat
858 3343 885 3390 ut
899 3339 995 3404 dignam
1021 3354 1131 3403 uquaea

36 3425 158 3494 Propertio
180 3428 251 3477 fuerit
268 3427 402 3493 professu:
427 3427 501 3476 Nisus
517 3431 542 3476 ct
557 3430 659 3476 scruto.
689 3427 855 3474 Verumtamen
871 3422 939 3472 ahter
955 3421 1034 3471 locum
1050 3435 1128 3486 perse·

37 3511 139 3562 nandum
161 3510 262 3570 credidi,
287 3509 342 3574 quia
366 3525 413 3558 non
440 3508 523 3568 video,
549 3508 664 3573 quomodo
690 3512 783 3556 eremo
808 3507 833 3555 in
859 3505 956 3563 deutro,
982 3503 1079 3553 tauteus
1103 3502 1129 3552 iu

37 3593 99 3644 uisus
115 3597 142 3645 et
158 3595 328 3644 commutatum
344 3591 414 3642 luerit
431 3607 444 3639 a
461 3589 551 3640 scribis.
577 3589 691 3655 Reposui:
711 3590 828 3639 desertus
845 3587 929 3637 dextro
942 3587 1017 3652 plena
1031 3585 1129 3634 trahem

39 3675 146 3728 tammo.-
163 3676 263 3726 nudatus
279 3677 377 3725 humero
394 3676 476 3724 dextro
492 3672 614 3724 hauriebat
631 3689 711 3738 aquas.
729 3673 859 3730 Execrtue,
877 3685 906 3718 ne
923 3668 1127 3734 conspergeretur;

40 3759 135 3820 dextro,
157 3759 212 3826 quie
233 3759 278 3809 hoo
300 3757 395 3807 bruchio
418 3772 489 3822 aquus
510 3755 626 3806 trahebat.
657 3755 729 3806 Silius
754 3757 815 3805 Pus.
839 3753 863 3804 8.
887 3769 909 3804 v.
931 3752 993 3803 587:
1010 3751 1127 3800 uerutus
