2624 4398
554 353 592 410 71

19 532 44 578 et
60 525 169 577 criticos.
203 525 252 576 dlii
274 525 336 576 enim
360 529 440 576 totum
461 525 579 576 distichon
604 525 713 576 tribuunt
734 523 822 584 amico,
845 521 886 574 alii
900 523 994 574 unum
1009 521 1123 586 majorem

20 627 132 668 versnm3
147 608 255 658 nonnulli
268 609 297 659 de
310 608 392 658 Primo
401 607 475 658 Libro
487 607 614 673 elegiarum
628 607 777 673 intelligunt,
790 605 830 658 alii
844 605 872 656 de
886 605 988 656 carmine
996 605 1123 671 superiore.

20 692 129 756 Scaliger
145 706 189 756 pro
205 691 279 740 cedor
295 688 426 755 corrigebat
441 689 527 748 surdo,
540 689 646 754 cogItane
660 689 821 754 virgilianum
842 689 892 737 Noc
907 686 1013 738 caaimac
1029 685 1123 746 cerdic,

20 780 43 825 et
60 772 347 839 Pseudopropertiannm:
366 771 503 821 Cantadont
517 772 605 831 cardo,
621 777 646 822 et
657 773 749 821 dotant
757 776 858 837 pectora
876 785 953 821 caeco.
977 769 1046 820 Unde
1063 771 1122 820 Per·

21 858 125 908 ceretius
149 856 185 904 ita
205 855 312 920 exponit:
339 853 405 903 acui
427 853 498 902 etiarn
515 854 585 903 eurdo
602 869 649 903 non
666 853 835 920 adsperguntur
851 855 957 919 tempore
972 853 1010 902 hie
1027 853 1123 903 verbio?

22 942 72 989 Aut
88 936 239 987 meretricem
255 951 330 994 amaa,
347 938 372 985 et
386 937 457 1002 turrpe
473 939 522 993 eot3
539 939 582 985 aut
596 935 735 1000 ingenuam,
752 939 777 986 ot
790 951 857 985 amor
869 938 906 984 cet
918 933 1028 985 silendus.
1039 958 1051 979 n
1070 935 1124 985 Hae
1230 981 1235 991 ,
1304 967 1305 974 1

22 1020 141 1070 sententie
163 1018 241 1068 omnia
263 1017 377 1067 emeterio
397 1017 501 1068 earmina
522 1017 677 1076 damnantur;
703 1017 772 1067 amici
788 1017 936 1083 reprehensio
951 1017 1040 1066 insulsa
1055 1018 1123 1067 foret.

22 1102 152 1166 Ambigere
168 1115 259 1164 quoque
274 1098 331 1149 lieet
346 1115 403 1149 narn
419 1116 542 1164 arperpere
559 1106 665 1166 tempora
679 1100 753 1150 cardo
770 1103 833 1149 recte
849 1103 873 1148 et
888 1099 965 1166 lepide
980 1099 1012 1148 eit
1025 1099 1124 1149 dictum.

24 1182 207 1251 Hyperoriticus
223 1179 345 1246 caliginem
358 1180 460 1231 tenebrIe
478 1181 579 1240 addidit;
598 1181 657 1232 unde
671 1183 836 1231 Lachmanuna
847 1182 936 1231 fatetur
952 1198 977 1231 oe
993 1198 1041 1232 nou
1053 1181 1123 1231 iutel-

21 1267 96 1332 ligere
113 1267 299 1332 pentametrum,
316 1280 386 1329 quem
402 1265 439 1314 ati
455 1265 562 1330 spurium
577 1268 602 1314 et
618 1263 766 1313 subdititium
782 1263 865 1327 ejicere
878 1263 953 1327 jubet.
977 1262 1124 1327 ltejicieudur

24 1353 85 1404 mihi
110 1365 157 1401 non
173 1348 280 1407 ridetur,
302 1348 389 1414 quippe
405 1348 458 1412 qui,
476 1348 500 1397 ni
517 1347 599 1407 iallor,
621 1346 705 1397 leuiter
721 1346 841 1412 personari
857 1345 939 1412 poerit.
973 1345 1125 1396 Membrenao

25 1432 192 1496 Groninganae
207 1445 276 1495 opem
290 1430 381 1488 icrunt,
394 1427 516 1495 inquibus
531 1429 625 1494 legitur.
646 1427 707 1484 Quoi
720 1443 768 1477 non
780 1428 857 1478 cerdis
870 1428 915 1476 lrc'c.
933 1429 1029 1492 Repono
1038 1427 1123 1493 igitur:

27 1520 78 1572 Quo
100 1531 155 1564 mea
175 1512 252 1562 cerdic
274 1511 313 1561 dic
334 1516 445 1576 arperpat
467 1514 525 1570 eto.;
546 1514 569 1560 ct
585 1510 611 1558 in
628 1512 774 1576 pentametro
791 1509 860 1558 Haut
876 1525 920 1575 pro
936 1510 994 1559 Aut.
1020 1510 1054 1558 nt
1070 1524 1126 1559 ceve

26 1617 53 1649 ne
77 1596 154 1648 amico
175 1594 251 1644 oratio
273 1591 405 1651 tribuatur,
427 1608 486 1642 neve
502 1610 518 1642 a
530 1593 624 1658 pudore
640 1591 740 1658 pandect
756 1590 897 1655 adjectivum
913 1591 1042 1655 inponant,
1065 1590 1126 1655 qnod

26 1682 55 1730 ad
77 1694 182 1728 amorem
204 1677 312 1726 refertur.
346 1673 442 1724 Amicus
465 1674 576 1740 objurget
598 1677 692 1740 poetam
715 1672 745 1724 ob
766 1673 845 1724 ioodeo
866 1673 945 1724 laudae
961 1672 987 1722 in
1002 1673 1127 1723 vilissimas

27 1763 139 1820 feminae,
157 1761 214 1809 dum
230 1773 272 1824 per
290 1771 330 1806 ora
345 1755 463 1806 ferebatur
479 1773 534 1806 oum
551 1755 654 1822 Cynthia
670 1771 825 1806 consuescere.
855 1755 901 1805 Cui
917 1755 1066 1822 Propertius:
1085 1771 1127 1806 our

29 1847 102 1910 igitur
118 1843 178 1892 mihi
194 1838 376 1891 crubescendum
393 1841 428 1888 ert
444 1839 481 1888 his
497 1837 593 1888 verbis?
628 1837 753 1888 Neminem
768 1837 849 1887 fallere
866 1853 949 1888 conor:
976 1853 1030 1887 nam
1046 1839 1127 1886 notem

29 1925 177 1984 nonhabet,
194 1937 267 1987 neque
283 1919 394 1971 tacendus
411 1923 448 1970 eat
464 1935 531 1970 emor
546 1920 660 1985 ingenuus
677 1919 751 1970 voluti
769 1919 845 1986 culpa.

78 2016 103 2065 8.
136 2012 238 2064 Nomine
253 2011 325 2062 cerdo
341 2010 437 2068 darem,
458 2011 514 2060 ficto
531 2007 624 2059 nomine
640 2008 712 2059 verba
728 2009 821 2069 dorem,
844 2008 954 2058 simulato
971 2007 1067 2059 alteriue
1083 2023 1128 2075 pro

33 2098 149 2165 Cynthiae
165 2095 272 2154 nominc,
290 2108 319 2142 ne
334 2091 370 2141 illi
387 2107 490 2142 noceam.

387 2332 415 2397 ll
438 2333 466 2398 L
488 2332 516 2397 ll
540 2331 570 2398 G
593 2332 611 2397 I
633 2331 663 2398 Α
708 2331 765 2396 VI.

299 2466 381 2530 (oona
407 2467 438 2526 4,
464 2467 546 2517 amm.
573 2467 602 2525 2,
629 2465 727 2515 amum.
752 2465 783 2524 4,
809 2464 858 2526 11.)

65 2593 181 2656 Ingenuae
195 2587 349 2653 contemPeIt,
366 2585 459 2636 viliores
475 2583 603 2651 quaesivit,
619 2599 681 2633 nuno
697 2598 782 2649 pueros
798 2582 887 2632 laudet.
910 2583 999 2632 Veroua
1017 2582 1045 2640 1,
1063 2581 1092 2642 2,

95 2671 195 2722 13-18
215 2670 311 2719 Codices
327 2668 413 2734 elegiae
433 2667 502 2716 VIII
525 2669 666 2724 annectuut3
689 2665 772 2731 reliqui
795 2664 844 2713 eine
860 2663 908 2714 ullo
926 2663 1094 2713 sententiarum

94 2771 155 2804 nexu
180 2753 356 2820 permiscentur.
390 2748 514 2799 Ulceribus
537 2747 716 2812 vulneribusque
738 2745 918 2796 deformioribuo
940 2745 966 2794 in
988 2745 1093 2794 Socamdo

98 2855 169 2905 quam
190 2837 216 2887 in
238 2835 334 2886 caeteris
356 2834 434 2884 Libris
457 2831 632 2882 OYN'IHIAE
655 2830 756 2880 medicea
773 2844 855 2878 manus
872 2828 1002 2886 admoveo,
1019 2827 1093 2876 sciens

94 2921 199 2987 equidem
215 2935 253 2968 me
268 2917 374 2967 incedere
384 2934 427 2982 per
443 2916 510 2981 lpum
525 2913 657 2980 samnitas
674 2913 750 2962 cineri
766 2913 855 2960 doloro.
873 2909 919 2958 Sed
930 2907 1036 2974 quamvis
1045 2923 1092 2957 non

95 3017 179 3068 paucos
194 3001 285 3051 audiam
300 2998 429 3050 exclamare
443 3001 551 3064 paratos:
569 2994 667 3046 excessit
684 2993 803 3043 medicina
820 2991 926 3049 modum,
944 2988 1092 3041 nihiloeeoiue

96 3084 155 3135 bono
172 3084 250 3134 animo
268 3085 401 3148 susceptum
417 3081 463 3130 iter
479 3093 615 3146 prosequar.

147 3220 203 3280 His
224 3218 329 3279 saltem
349 3220 382 3275 ut
401 3219 503 3275 tenear
518 3213 583 3290 jam
603 3209 726 3272 finibus!
747 3209 798 3269 hei
817 3206 907 3287 mihi,
929 3206 955 3268 si
975 3203 1060 3286 quis,

187 3323 294 3383 Acrius
313 3324 346 3380 ut
366 3318 489 3396 moriar,
509 3314 625 3375 venerii
646 3315 721 3373 alter
742 3313 840 3372 amor!

145 3428 214 3488 Non
233 3423 282 3484 hio
301 3422 394 3483 herba
413 3421 509 3497 velot,
530 3435 589 3477 non
608 3415 657 3475 hio
678 3418 820 3475 nocturna
840 3411 978 3492 Cytaeis,

186 3529 255 3588 Non
274 3523 447 3613 PerImedea
466 3521 601 3598 gramina
619 3523 702 3580 ooota
722 3535 819 3578 manu.

147 3631 263 3708 Quippe
284 3630 335 3690 ubi
356 3645 410 3688 neo
430 3643 535 3686 causas
554 3641 609 3684 nec
630 3625 746 3701 apertos
767 3619 913 3682 cernimus
933 3617 1025 3698 iotcm,
1103 3616 1122 3677 5

187 3731 272 3794 Unde
293 3735 392 3792 tamen
412 3729 533 3790 veniant
553 3731 597 3789 tot
616 3727 710 3806 mala,
731 3742 820 3787 caeca
838 3722 889 3786 vit
910 3725 964 3785 eat.
