2624 4398
696 356 735 418 98

288 531 368 608 Quin
388 530 477 593 etiam
496 529 571 592 falso
590 529 669 608 fingo
689 529 745 591 tihi
765 547 855 608 saepe
875 528 1075 610 propinquos,

328 633 438 696 Osonla
456 651 495 695 ne
516 633 615 695 desint
634 633 687 710 qui
706 633 762 693 tibi
777 633 847 712 J'ure
868 632 973 694 ferent

288 736 370 813 Quos
389 738 480 815 igitur
499 738 555 798 tibi
575 739 729 817 custodes,
750 755 827 813 quae
847 737 952 798 limine
970 754 1095 815 ponam,

327 839 410 916 Quae
430 858 580 916 nunqnam
601 858 689 917 super
709 857 763 917 pes
783 839 919 901 inimicus
939 838 1012 901 eet?
1309 875 1310 890 κ

288 943 366 1004 Nam
385 942 461 1003 nihil
481 942 592 1003 invitae
613 943 708 1004 tristis
729 942 864 1005 onstodia
883 942 1018 1022 prodest:
1237 939 1275 999 25

327 1044 423 1121 Quam
443 1064 565 1124 peooare
586 1046 691 1125 pudet,
713 1043 858 1124 Cynthio,
878 1050 944 1106 tuta
962 1047 1010 1105 sat
1029 1046 1084 1104 est.
1309 1033 1310 1042 ἒ

202 1193 241 1244 12.
276 1192 349 1242 Godd.
360 1193 449 1258 jurps's
475 1193 630 1244 Ruhnkenius
647 1195 770 1262 proposuit
786 1196 863 1262 orps‘a.
883 1195 1099 1254 Vasionense,
1116 1191 1160 1264 sed
1177 1209 1193 1243 a
1208 1194 1275 1258 flag·

168 1276 246 1324 mento
263 1273 372 1323 oermiuis
388 1273 481 1324 difficile
498 1279 533 1324 ast
550 1291 629 1326 eruere
645 1277 760 1328 muneram
776 1277 923 1327 seutentiam.

202 1363 242 1414 15.
277 1363 349 1413 Oodd.
372 1379 409 1414 me
430 1363 526 1413 nomina
543 1367 650 1416 laedunt.
684 1367 822 1434 duplicant:
840 1368 998 1418 formosorum
1011 1364 1125 1430 juvenum
1141 1363 1276 1414 nomines

168 1444 442 1511 Cynthiapronuntieta,
451 1445 489 1495 vel
498 1447 685 1497 nominatnhulis
694 1447 832 1515 subscripta.
853 1450 932 1499 Oodex
942 1447 1067 1497 Pssserntii
1074 1444 1275 1504 hebetum,

167 1543 250 1594 nempe
266 1526 373 1576 divorum
390 1527 517 1592 imagines,
535 1545 594 1595 quae
610 1546 773 1597 saepenumero
790 1532 941 1582 moechorum
957 1531 1059 1596 effigiem
1075 1526 1232 1580 exhibebant.

201 1616 242 1666 18.
275 1615 340 1666 Male
361 1617 386 1665 iu
410 1618 483 1667 Grou.
507 1622 531 1668 et
553 1622 631 1686 Neep.
655 1638 707 1672 eum
724 1639 779 1688 qus.
808 1624 870 1672 »Me
886 1621 958 1672 laedit
974 1620 1049 1670 amiea
1066 1635 1121 1670 oum
1135 1633 1186 1685 qua
1202 1633 1273 1670 soror

168 1698 283 1764 Cynthiae
299 1697 407 1748 dormitu
425 1699 493 1765 plene
508 1701 615 1766 ineptum
631 1706 674 1754 est.

201 1786 242 1834 21.
276 1785 349 1836 codd.
360 1787 437 1854 stupis
452 1788 504 1838 titi.
522 1790 604 1840 Paisos
621 1794 729 1858 parentes
746 1791 790 1843 tibi
806 1791 877 1858 fingis
893 1807 922 1842 ne
939 1779 983 1842 aio.
1009 1791 1040 1840 In
1055 1789 1100 1840 hae
1117 1788 1194 1854 elegia
1207 1789 1271 1839 Pro-

168 1868 257 1934 pertius
267 1869 394 1933 cynthiam
417 1885 464 1920 non
481 1875 588 1930 aecusat3
606 1872 747 1940 zelotypiam
767 1877 858 1924 tautum
876 1877 901 1924 et
918 1871 1060 1940 suspiciones
1077 1886 1131 1922 snas
1146 1871 1272 1938 depingit:

168 1949 195 1998 is
211 1949 293 2000 tunica
309 1949 480 2016 suspiceremus
496 1953 579 2004 sirum.
610 1955 725 2021 Reposui:
739 1957 808 2023 fiuqo
825 1956 878 2008 tibi.

511 2157 785 2226 ELEGIA
830 2160 922 2226 XXI.

579 2317 631 2364 ΑΙ)
651 2317 861 2365 PONTIGUM.

484 2437 581 2501 (codd,
608 2439 704 2498 Burm,
731 2439 829 2489 Loehm.
856 2440 888 2500 7,
916 2439 947 2501 Ι.)

205 2573 235 2622 V.
244 2571 289 2622 22:
313 2573 376 2622 hess
392 2585 434 2636 epo
453 2571 563 2622 homnis
573 2573 705 2639 praeferar
721 2573 823 2638 tepentis
837 2575 892 2639 post
908 2573 996 2623 editum
1012 2571 1121 2622 Ρῑὶιιιιιω
1135 2570 1238 2622 Librum

420 2669 514 2704 carmen
530 2654 650 2704 eonditum
665 2655 736 2704 fnisse
752 2655 854 2704 ostendit
870 2653 1021 2722 apertissime.

289 2795 366 2857 Dum
387 2796 442 2858 tihi
462 2795 609 2858 Cadmeae
630 2798 783 2877 dicuntur,
804 2798 942 2878 Pontice,
962 2795 1086 2858 Thebae

329 2897 478 2976 Armaque
498 2898 646 2960 fraternae
667 2899 766 2960 tristia
785 2899 927 2979 militiae,

289 2999 403 3080 Atque,
424 3001 467 3062 ita
487 3000 543 3062 sim
563 3001 653 3081 felix,
674 3002 768 3080 primo
788 3000 942 3062 contendis
961 2999 1105 3079 Homero,

328 3104 394 3165 Sint
414 3104 500 3166 modo
520 3104 582 3165 fata
601 3107 661 3166 tuis
680 3106 783 3166 mollia
802 3104 996 3184 carminibus,

288 3207 366 3287 Nos,
389 3211 420 3269 nt
440 3225 628 3288 consulemus,
649 3212 764 3270 nostros
785 3208 931 3285 agitamus
951 3223 1081 3283 amores,
1253 3204 1271 3262 5

327 3309 425 3388 Atque
446 3311 560 3389 aliquid
581 3312 684 3372 duram
704 3312 873 3390 quaerimus
894 3312 925 3371 in
945 3310 1109 3388 dominem3

287 3413 351 3476 Neo
370 3417 484 3476 tantum
505 3415 641 3495 ingenio,
663 3419 805 3493 quantum
825 3415 936 3476 servire
957 3413 1051 3476 dolori

328 3505 438 3597 Cogor,
459 3523 490 3579 et
510 3519 618 3581 estatis
639 3524 772 3598 tempora
792 3519 866 3580 durs
885 3519 979 3597 queri.

288 3619 345 3682 Hie
365 3620 438 3682 mihi
458 3624 618 3684 oonteritur
637 3625 719 3684 vitae
740 3623 862 3703 modus,
882 3621 957 3684 haee
977 3638 1044 3682 mee
1063 3618 1144 3682 fama
1165 3621 1229 3700 est3

329 3722 407 3785 Hine
427 3725 513 3802 cupio
533 3743 639 3788 nomen
659 3726 797 3786 carminis
818 3725 861 3786 ire
882 3725 949 3786 mei.
1231 3723 1269 3782 10
