2640 4400
1063 383 1152 430 XXXV

60 551 92 604 et
112 543 199 603 Paeti
220 541 378 619 epitaphiis
390 539 454 618 jam
471 539 636 617 exemplum
654 540 838 618 praebuerat.
866 541 956 602 Putea
972 558 1154 603 numerosam

59 649 91 706 et
118 663 241 706 suavem
267 644 389 706 formam
414 645 445 704 in
470 644 590 704 moestis
614 647 727 704 tantm
752 643 846 719 elegis
869 648 973 720 poetae
993 645 1153 726 placuisse;

58 749 90 808 in
116 747 284 809 ardentium
310 748 479 825 cupidinum
498 747 613 823 pictura
636 746 811 824 asperiorem
831 748 881 806 vel
901 747 997 809 minus
1015 749 1154 809 blandam

57 852 213 913 maluisse.
243 851 362 911 Poetica
387 850 463 910 ratio
490 867 584 926 aeque
604 867 639 910 ae
659 854 830 926 conspectas
850 855 1012 927 temporum
1031 853 1153 929 Proper-

57 957 174 1016 tianum
200 955 351 1014 declarant
375 969 505 1031 carmen,
537 953 614 1028 quod
641 953 790 1014 Romanae
818 954 932 1030 elegiae
959 955 1062 1031 regina
1088 973 1154 1016 cum

58 1059 95 1118 L.
118 1057 151 1118 (l.
175 1056 370 1117 Valckenario
388 1035 468 1118 reate
488 1057 662 1134 appellatur.

100 1161 232 1236 Quartus
255 1160 331 1221 liber
354 1160 497 1239 continet,
519 1165 636 1239 praeter
659 1159 840 1222 Corneliam:
863 1161 878 1221 I
898 1165 1035 1238 quattuor
1055 1163 1154 1239 elegos

59 1265 238 1344 amatorios3
260 1265 290 1324 11
309 1283 364 1326 sex
379 1265 543 1342 fragmenta
563 1265 688 1342 alicujus
708 1264 850 1341 poematis
869 1263 1006 1334 Dictum
1028 1265 1074 1325 111
1095 1267 1154 1326 ele·

58 1369 142 1444 giam
174 1368 337 1446 Astraeae
366 1357 411 1428 'lv
441 1368 604 1445 Epistulam
639 1367 799 1427 Arethusae
827 1365 865 1426 ad
896 1366 1037 1444 Lycoten.
1068 1369 1155 1446 Elegi
1200 1409 1202 1412 -

58 1472 198 1532 amatorii
223 1477 305 1532 sunt:
327 1472 362 1531 de
382 1470 515 1531 Dracone
534 1469 674 1548 Lanuuii,
705 1469 847 1547 Cynthiae
866 1470 951 1550 risa,
973 1470 1009 1531 lu
1032 1471 1154 1548 henam,

61 1573 175 1634 Umbra
197 1573 347 1650 Cynthiae.

101 1679 201 1738 Draco
225 1677 353 1737 Lanuvii
379 1676 422 1736 nil
447 1675 528 1736 aliud
549 1682 703 1752 estquam
723 1677 899 1755 principium
920 1679 1033 1755 elegiae
1054 1679 1155 1757 deper-

59 1783 158 1859 ditae,
174 1780 252 1856 qnod
267 1797 421 1857 perperam
435 1780 466 1839 in
480 1779 636 1842 (lodicibus
650 1798 716 1841 cum
729 1779 871 1858 spectatae
880 1781 949 1842 risa
961 1783 1153 1861 conjungitur.

59 1884 280 1962 obscuritates,
310 1884 470 1944 locutiones
497 1883 669 1944 invenustae
699 1889 730 1945 et
754 1889 872 1946 conche
899 1889 1027 1947 statuere
1048 1885 1155 1963 J'ubent

59 1987 248 2064 Propertium
265 1987 424 2048 veruculoa
444 2005 502 2048 non
521 1987 641 2066 fecisse,
662 1987 711 2047 vel
733 1987 894 2048 incomulto
916 1988 1012 2066 egisse
1032 1987 1155 2067 amicos,

59 2091 113 2168 qui
135 2088 209 2150 haec
229 2090 376 2150 incondita
396 2091 427 2150 in
445 2092 541 2152 lucem
561 2092 711 2152 miserunt.

100 2193 183 2253 lituo
203 2193 242 2252 ad
262 2193 482 2270 Ptopertianum
502 2211 595 2270 genus
614 2193 710 2269 magis
732 2193 859 2272 accedit3
878 2193 930 2254 aed
945 2193 1023 2254 facta
1039 2208 1155 2270 reprae-

60 2299 181 2356 sentata
207 2294 365 2371 Cynthiam
390 2313 477 2372 quam
501 2295 648 2373 novimus,
675 2295 830 2374 dedecent,
866 2312 942 2371 quae
972 2295 1158 2372 neutiquam,

60 2403 152 2475 puto,
169 2407 170 2410 ’
187 2398 294 2458 lectum
319 2398 520 2458 adscendisset
549 2398 587 2458 ad
609 2398 682 2458 duas
707 2399 844 2474 vulgares
864 2398 1064 2458 meretriculas
1084 2397 1159 2458 acci·

60 2500 190 2579 piendaa
209 2506 354 2577 paratum.
379 2501 567 2577 illegitimam
589 2517 659 2561 vero
679 2502 885 2577 paternitatem
906 2501 1034 2562 dilucide
1054 2499 1160 2578 probat

62 2603 238 2680 Lygdamus
265 2603 428 2664 convivalis
448 2604 552 2680 pocula
573 2604 757 2663 ministrans:
778 2603 946 2682 Lygdamus
968 2605 1007 2664 ad
1028 2605 1158 2681 cyathos.

63 2707 253 2784 Lygdamum
279 2705 370 2767 fuisse
404 2705 550 2782 Cynthiae
576 2724 692 2767 servum
718 2710 831 2768 mustat
859 2723 896 2768 ex
916 2707 1023 2785 Elegia
1043 2708 1071 2766 V
1091 2707 1160 2768 libri

63 2811 163 2874 tertii:
197 2811 246 2871 Sic
277 2809 329 2870 tibi
354 2808 412 2870 aim
437 2809 586 2887 eminae,
613 2807 777 2886 Lygdome,
805 2810 901 2870 demta
921 2810 1004 2888 jugo.
1044 2809 1104 2871 Gur
1130 2814 1161 2871 et

64 2915 210 2993 quomodo
240 2913 289 2974 hic
319 2913 443 2990 adparet
472 2911 617 2988 Propertii
647 2913 829 2988 voluptatum
860 2930 984 2974 arcanus
1015 2912 1158 2991 adjutor?

65 3016 303 3078 versificatorem
323 3015 448 3076 nominis
468 3015 546 3076 servi
565 3015 711 3094 meminit,
737 3033 795 3076 non
823 3015 941 3076 domini.
971 3013 1161 3078 Obliviscitur

66 3125 160 3184 etiam
180 3122 247 3184 Seru
269 3122 421 3182 Aurelium
441 3122 472 3181 iu
495 3121 722 3200 quattuordecim
743 3141 798 3181 rrou
821 3121 940 3199 sedisse,
962 3122 1089 3199 equitem
1104 3139 1162 3182 uon

65 3228 176 3307 fnisse3
188 3227 293 3304 quade
304 3225 542 3303 cemacynrhia,
551 3225 853 3302 Jurapacisdioendo,
862 3225 1165 3286 eumuonadmonnis·

67 3338 133 3393 set:
157 3330 236 3392 Cotta
250 3329 343 3412 (caue)
356 3331 488 3409 inflectas
499 3329 538 3389 ad
549 3347 693 3388 summum
705 3327 821 3407 otiique
840 3328 995 3388 theatrum.
1015 3328 1166 3403 Augustus

68 3440 202 3495 veterem
228 3433 379 3510 spectandi
411 3449 519 3493 morem
550 3431 617 3507 lege
647 3431 755 3491 Roscia
785 3433 924 3490 statutum
954 3448 1029 3492 novo
1049 3435 1164 3507 patrum

69 3536 188 3597 decreto
209 3541 361 3596 sanxerat:
383 3535 483 3596 locarii
500 3533 647 3595 hominem
669 3534 733 3594 loco
749 3533 901 3610 indiguum
919 3533 1133 3594 excitavissent.
1151 3532 1161 3573 ¹

108 3683 118 3708 ¹
156 3673 279 3724 Suetonius
296 3672 419 3735 (Octaviae
435 3671 477 3732 44)
500 3671 631 3720 Orchestra
647 3685 687 3719 seu
703 3670 793 3735 primus
811 3669 974 3720 subselliorum
991 3671 1047 3720 ordo
1064 3669 1163 3720 vacabat

71 3758 223 3808 amatoribus
231 3777 237 3815 ;
255 3756 440 3820 quattuordecim
448 3754 551 3822 proximi
560 3753 646 3819 gratim
655 3753 785 3820 equitibus;
794 3753 884 3818 reliqua
892 3753 1010 3820 superiora
1018 3752 1069 3801 loca
1077 3749 1163 3819 populo
