2642 4396
688 342 746 400 184

169 500 294 566 borbum·
310 515 399 564 morea
416 517 477 566 enm
493 518 667 574 emautur,
686 515 768 564 renue
785 514 964 580 mennon.
997 515 1101 564 oneras
1122 513 1159 563 est
1174 525 1257 562 wace-

168 585 241 636 wfim
256 589 283 640 in
298 594 354 643 navi
370 598 479 664 racipere.
496 601 559 665 liopi
573 616 622 650 nou
637 601 762 664 sepulcra,
779 597 820 647 sed
836 597 934 646 umbrae
949 598 1014 662 ipsae
1029 598 1095 645 sunt.

219 687 244 740 5·
278 693 352 744 Codd
370 711 449 748 omnes
466 703 545 766 leym
562 701 712 750 Burmannus
730 695 834 746 malebat
849 697 925 746 eadee

218 787 243 837 8.
279 794 354 843 Notat
371 796 557 864 Peerlkampius:
582 798 634 845 viae
658 795 819 843 adamantinae
837 797 893 843 suut
912 794 964 842 viae
984 793 1136 850 durissimae,
1157 806 1204 840 non
1218 791 1262 840 viae

169 865 270 923 clausae:
280 875 302 924 si
313 877 402 928 aditum
416 880 538 946 praebent,
554 879 656 928 reditum
671 892 713 942 per
728 893 753 924 se
767 892 814 925 non
829 875 991 942 praecludunt.
1008 875 1099 924 Mortis
1111 874 1262 924 viadeeceoau

168 949 256 1013 faciliu
274 962 300 1008 at
314 975 423 1011 revocare
439 964 537 1028 gradum
554 963 599 1010 loc
615 976 685 1025 opus,
705 959 745 1008 lie
761 959 837 1006 labor.
856 957 969 1007 Heinsius
985 961 1119 1008 correxerat
1134 974 1213 1015 aerae,
1229 956 1261 1006 vel

162 1032 242 1096 sm&
270 1041 420 1106 Conjcceram
435 1061 483 1094 nou
500 1049 599 1095 exorato
614 1045 698 1092 clausa
715 1041 845 1089 adamante
858 1041 898 1088 oio
912 1045 959 1098 eet,
974 1055 1045 1104 quam
1061 1040 1204 1105 pammatii
1219 1041 1261 1088 lor-

169 1128 233 1167 mam
249 1127 313 1172 amat
329 1125 474 1193 Propertius.
492 1126 579 1192 Recepi
595 1129 673 1174 tamen
690 1138 765 1172 serae.
782 1123 882 1171 Bootim
898 1137 943 1189 pro
960 1137 1007 1170 noa
1024 1128 1124 1172 exorato
1142 1122 1263 1185 conjecerat

169 1214 217 1250 Ma
234 1207 352 1260 esoraba'o.

203 1292 243 1344 11.
279 1299 368 1349 Currus
392 1315 504 1359 acorum,
531 1297 604 1347 Codd.
631 1311 719 1345 omnes.
760 1293 935 1360 Peerlkampius
961 1297 1042 1344 notat:
1070 1295 1111 1344 avi
1135 1294 1262 1344 habuerunt

170 1387 240 1427 altum
260 1381 358 1447 quisque
379 1397 473 1431 currum
494 1379 676 1445 triumphalem:
696 1392 751 1442 crgo
768 1392 815 1425 non
832 1393 929 1426 curruca
946 1377 986 1426 sed
1002 1393 1104 1436 eunom
1123 1378 1262 1443 correxitque

169 1461 275 1523 sasque

203 1549 243 1601 13.
277 1555 349 1604 Gron
366 1571 437 1612 nunu
460 1555 535 1619 Neap.
552 1566 613 1608 non,
636 1549 698 1614 quod
715 1547 828 1614 praefero.
862 1547 962 1597 Suavins
979 1552 1030 1607 est,
1047 1549 1180 1616 minuitque
1195 1551 1261 1600 inter·

168 1635 299 1696 rogationes
315 1639 341 1688 iu
358 1638 460 1688 carmine
476 1633 654 1701 frequentiores.

203 1722 243 1774 15.
277 1727 351 1777 Codd.
364 1743 443 1776 omues
459 1727 596 1775 damnatae.
621 1720 738 1771 Nonnulli
752 1719 835 1768 Critici
849 1721 1003 1770 christianum
1015 1720 1210 1786 interpolatorem
1217 1736 1260 1770 aen-

169 1805 244 1867 tiunt,
258 1811 312 1876 quia
326 1811 371 1860 hoc
384 1809 504 1876 epitheton
512 1806 620 1856 noctibus
628 1807 758 1854 inferorum
767 1818 881 1867 nusquam
889 1803 1114 1868 adjiciunapoetis.
1132 1803 1263 1854 Fonteinius

169 1888 307 1952 conjiciebat
327 1894 469 1952 Tartareae,
486 1889 663 1955 Peerlkampius
683 1887 809 1935 Aetemac.
835 1885 880 1934 Sed
897 1886 1024 1934 anatae
1040 1885 1186 1951 interpretor
1199 1883 1262 1934 morti

169 1970 283 2035 mdes,
297 1991 446 2026 numerosam
460 1979 484 2024 et
497 1974 614 2040 poeticam
634 1985 715 2019 vocem
738 1983 869 2034 expungere
888 1967 979 2016 nolens,
1002 1966 1091 2016 Deinde
1106 1967 1183 2016 Codd.
1196 1967 1264 2024 cada,

165 2057 268 2120 paludes
273 2080 283 2116 ;
301 2075 356 2109 cam
371 2057 457 2108 Bootio
474 2055 582 2122 reposui:
600 2053 664 2102 uada
676 2050 784 2116 paludis.

201 2144 241 2194 17.
275 2147 369 2198 Folium
387 2147 445 2196 Cod.
462 2144 613 2211 Neapolitani
631 2141 779 2207 deperditum
795 2143 844 2198 est,
862 2139 984 2189 continens
1000 2155 1023 2188 v.
1042 2140 1074 2188 17
1092 2139 1123 2187 ad
1141 2139 1183 2190 74.

201 2234 240 2284 18.
275 2237 348 2286 Codd.
366 2239 414 2286 Det
425 2241 499 2302 poter
516 2235 564 2284 hio.
598 2231 766 2283 Mousohalem
782 2246 825 2297 pro
843 2231 998 2296 Propertiana
1015 2229 1135 2295 scriptura
1152 2227 1264 2286 habemus,

168 2315 222 2380 Quo
239 2321 308 2384 pacto
325 2321 433 2368 matrona
450 2335 475 2368 se
491 2318 601 2374 efferens,
624 2313 769 2364 innocentiae
786 2329 840 2362 snae
857 2313 962 2370 conscia,
988 2329 1047 2377 quae
1059 2313 1170 2376 judicum
1187 2311 1263 2362 saven-

169 2400 243 2448 tatem
259 2404 384 2465 provocat,
403 2400 514 2450 Claudiae
530 2404 555 2448 et
571 2397 683 2448 Aemiliae
699 2395 833 2446 Vestalibus
850 2411 875 2444 se
891 2399 1026 2461 comparat,
1044 2410 1107 2444 nnnc
1121 2395 1265 2460 mlliojura

170 2487 324 2544 prmaretnr?
350 2485 449 2532 Patrem
474 2483 526 2548 qnis
552 2481 677 2532 Plutonem
699 2478 810 2527 vocavit?
837 2477 924 2528 Virum
941 2478 1007 2543 pium
1025 2476 1148 2526 Corneliae
1165 2475 1264 2544 superbis

170 2560 253 2622 laasit;
267 2564 305 2628 pie
319 2564 415 2630 scripsit
426 2565 552 2628 detpater.
579 2563 631 2612 Nos
641 2577 694 2610 cum
703 2560 844 2626 Koppiersio
853 2560 1005 2610 restituamus
1020 2560 1127 2608 Romane
1143 2562 1263 2626 Deprecor.

172 2643 257 2694 Deinde
274 2645 348 2698 Codd.
365 2646 405 2696 hic
421 2647 518 2697 umbrae
523 2668 533 2704 ;
556 2646 656 2696 Puocius
673 2643 778 2694 restituit
795 2644 864 2694 lino.-
887 2644 941 2709 quis
956 2643 1051 2692 innoxia
1067 2659 1134 2704 aum,
1153 2645 1221 2704 hinc,
1237 2642 1263 2694 ob

170 2723 195 2773 id
211 2726 323 2794 deprecor
338 2727 419 2777 mollia
432 2727 494 2792 jura.

206 2815 246 2864 19.
280 2816 353 2868 Codd.
375 2822 420 2866 aut
440 2817 474 2876 εἰ,
497 2817 527 2867 ob
543 2813 712 2883 interpolatum
729 2816 856 2880 cleopater
872 2831 953 2865 versus
970 2815 1104 2882 superioris.
1141 2820 1228 2868 Nestor
1241 2818 1261 2864 in

173 2897 334 2949 vocabulario:
353 2905 380 2949 ct
395 2899 425 2950 si.

207 2986 248 3036 20.
280 2988 353 3039 Codd.
370 2989 404 3038 In
420 3004 480 3038 neco.
506 2990 579 3038 Grou.
597 2990 620 3036 et
638 2985 824 3052 Hamburgeneis
835 2987 945 3052 judicem
963 2988 1038 3052 Neap.
1055 2987 1177 3047 oisde'cm
1195 2989 1261 3038 Hein-

172 3069 250 3120 sianas
274 3072 390 3122 medicat.
423 3073 485 3122 Cum
508 3069 606 3120 Heinsio
629 3069 681 3134 lego
698 3071 726 3119 Ie
743 3086 801 3120 mea.
835 3068 934 3119 Sortitio
952 3068 1058 3133 judicum
1074 3071 1147 3122 fiebat
1163 3072 1227 3138 pilis,
1240 3072 1261 3119 in

173 3151 255 3216 quibus
272 3169 353 3206 corum
369 3155 464 3204 nomina
479 3153 596 3218 inscripta
613 3155 688 3201 erant.

205 3242 246 3291 21.
280 3245 353 3294 Gron.
364 3245 442 3309 josto
460 3243 572 3292 Minoida
587 3244 680 3292 sellam.
697 3240 884 3306 Hamburgenais
900 3244 976 3298 oenc,-
995 3242 1094 3292 Pnccins
1110 3245 1174 3292 sella
1188 3247 1219 3292 ct.

205 3331 245 3382 22.
280 3334 353 3382 Gran,
370 3333 397 3382 io
414 3339 494 3390 looto;
511 3331 608 3381 Medius
625 3332 651 3380 in
668 3335 726 3381 toto,
749 3331 793 3381 lid.
813 3332 888 3396 Rheg.
905 3332 1005 3381 intento.
1030 3331 1087 3381 Ood.
1105 3331 1260 3381 Asclnewianns

165 3412 240 3476 socos
261 3429 304 3478 pro
319 3414 387 3480 foro.
421 3415 535 3465 Graevius
558 3411 695 3474 conjiciebat
718 3413 878 3462 Eumenidum
898 3413 1004 3462 inicam
1019 3414 1091 3462 turba
1108 3429 1190 3462 saona
1198 3411 1259 3478 foro.

173 3494 322 3545 Burmannus
336 3499 446 3562 munus:
462 3496 621 3546 Eumenidum
629 3495 734 3544 intentat
742 3496 813 3545 turba
821 3511 902 3545 severa
907 3496 994 3561 facee,
1003 3497 1096 3546 favente
1104 3496 1258 3546 Asckewiano

173 3577 271 3627 Bootius
284 3579 443 3629 Eumenidum
454 3583 534 3628 umet
547 3578 619 3627 turba
631 3577 814 3642 suffusorum.
831 3577 1006 3642 Groninganam
1018 3578 1160 3644 scripturam
1171 3573 1257 3628 semu

174 3661 294 3711 Sententia
305 3664 354 3711 este
375 3661 503 3712 Adsideant
516 3658 639 3710 infernales
653 3658 756 3722 jndicem
771 3659 840 3723 juxta
856 3661 939 3710 Minoa
954 3665 1001 3711 stet
1017 3661 1172 3712 Eumenidum
1184 3656 1256 3710 urhe.

174 3744 225 3796 toto
241 3745 293 3795 loro
309 3744 414 3804 intento,
429 3743 545 3808 judicium
561 3758 639 3794 meum
656 3745 783 3810 apostema.
