2640 4400
179 371 236 424 n:

217 525 385 604 Propertius
394 523 517 586 Blaesus
527 525 688 602 igiturall.
696 526 856 588 Passennio
867 526 1022 603 adoptatus
1030 526 1087 587 erit
1097 524 1261 604 splendidos

178 648 261 710 equos
280 635 434 708 romarus,
450 628 540 688 Plinii
554 627 725 708 familiaris,
742 630 793 706 qui
810 629 902 690 veluti
918 628 1095 690 hereditario
1112 629 1182 706 Jure
1198 627 1262 688 Sex.

175 731 289 794 Aurelii
307 732 417 792 avitam
437 731 544 792 famam
564 738 765 794 renovaverat
795 735 900 810 Itaque
916 733 1093 794 credendum
1108 732 1184 793 foret
1198 747 1262 808 poe·

174 839 235 895 tam
248 839 394 914 nostrum,
415 833 537 911 abjectis
559 833 706 910 Cynthiae
723 835 866 915 vinculis,
888 836 926 896 ad
942 837 1040 913 justas
1060 835 1177 913 nuptias
1200 850 1263 894 con·

174 939 300 1018 fugiss03
328 937 397 998 dein
423 937 516 1014 patris
541 937 659 998 nomine
682 938 818 1016 gavisus,
846 939 878 1001 iu
897 939 998 1000 nidulo
1023 957 1075 1000 suo
1096 932 1262 1015 quieverat,

175 1044 205 1102 et
224 1039 294 1102 dum
307 1041 381 1104 forte
391 1041 524 1119 juvenile
539 1041 685 1118 poeticum
700 1059 772 1118 opus
790 1059 874 1102 suum
889 1041 1025 1102 secundis
1042 1041 1120 1100 curis
1139 1040 1262 1117 expolit,

173 1143 236 1204 vits
246 1144 410 1220 emigravit.
427 1144 515 1226 Talia
525 1162 583 1203 non
594 1143 707 1220 respuit
717 1144 850 1222 subjecta
860 1144 1047 1221 chronologia
1057 1145 1263 1222 Propertiana:

174 1264 244 1307 num
267 1248 358 1308 verba
376 1248 466 1308 Plinii
488 1252 518 1308 et
540 1247 692 1323 inscriptio
709 1247 817 1310 Assisii
835 1249 908 1310 satis
926 1249 1140 1326 demonstrent,
1163 1243 1264 1306 Ouitioi

150 1347 302 1413 'videant
326 1351 338 1392 ¹

213 1455 382 1532 Propertius
403 1457 440 1517 de
463 1475 495 1518 se
516 1458 610 1518 dixit:

404 1573 498 1624 Primus
516 1590 558 1640 ego
574 1575 692 1640 ingredior
709 1591 768 1641 puro
785 1575 814 1625 ds
829 1577 897 1625 fauts
913 1575 1018 1625 sacerdos

438 1655 501 1706 Itala
517 1671 559 1722 per
576 1656 660 1721 Grsjos
678 1658 744 1723 orgia
759 1658 820 1707 farra
836 1657 920 1706 choros
937 1695 944 1706 .
962 1695 968 1706 .
987 1695 993 1705 .
1025 1679 1027 1684 ¹

405 1775 412 1786 .
430 1776 436 1786 .
456 1775 462 1789 .
480 1739 523 1788 Me
538 1741 600 1788 fama
616 1740 679 1790 lavat
694 1743 758 1790 terra
774 1738 880 1790 subhmis
897 1742 920 1788 st
937 1755 951 1788 u
966 1755 1004 1788 ma

438 1822 501 1871 Nata
518 1823 634 1871 coronatis
651 1823 722 1872 Musa
738 1823 870 1888 triumphat
886 1821 958 1886 equis.

174 1921 286 1998 Quibus
304 1926 330 1986 si
347 1926 468 2002 gloriari
491 1927 583 1986 vellet
607 1945 639 1987 se
662 1927 787 2004 primum
808 1943 944 1988 romanae
966 1926 1079 2002 elegiae
1101 1931 1264 2004 parentem,

172 2046 225 2088 nos
245 2026 391 2087 Catullum
412 2031 441 2086 et
462 2027 629 2108 Tibullum,
656 2033 786 2108 veteres,
814 2031 930 2108 opinor,
953 2029 1077 2090 Calvum
1097 2033 1127 2088 et
1147 2027 1266 2088 Gallum

173 2147 287 2207 quoque
307 2131 336 2189 ei
356 2136 549 2210 opponerent3
571 2133 618 2192 sin
637 2137 750 2192 tantum
773 2133 831 2194 sibi
854 2134 1004 2193 vindicare
1026 2133 1135 2194 latinae
1152 2131 1265 2207 elegiae

77 2314 82 2326 Ι
150 2225 262 2294 ¹novos
291 2237 320 2292 et
343 2233 474 2294 insolitos
495 2234 610 2314 modos,
632 2253 719 2298 nemo,
738 2235 923 2296 abnuendum
945 2235 1091 2296 censebit:
1113 2231 1266 2309 Propertio

173 2339 251 2398 enim
277 2335 444 2414 hujusmodi
472 2340 607 2415 exempla
634 2339 777 2399 imitanda
805 2340 915 2400 latinas
935 2339 1039 2398 hterac
1060 2356 1118 2399 non
1144 2336 1263 2396 dabant.

173 2438 256 2512 Quae
277 2457 293 2498 e
314 2437 425 2500 Graeco
447 2438 527 2500 sonte
549 2440 742 2520 derivaverit,
770 2440 888 2500 difficile
909 2441 993 2501 nobis
1015 2444 1060 2501 cst
1077 2441 1173 2518 dictu,
1203 2455 1265 2497 cer·-

172 2547 235 2604 tum
257 2561 329 2604 sane
353 2547 398 2603 est
422 2543 548 2619 effigiem
572 2563 655 2604 suam
678 2545 720 2604 ita
744 2543 877 2604 versibus
899 2543 1104 2621 insculpsisse,
1126 2545 1159 2603 ut
1178 2541 1266 2601 Musa

173 2665 192 2706 a
222 2665 254 2707 se
293 2650 363 2706 nata
393 2647 424 2705 in
455 2647 492 2708 iis
523 2665 641 2723 prorsus
678 2648 882 2725 conspicis-tur.
923 2647 1035 2707 Aculm
1073 2651 1103 2707 et
1140 2645 1266 2705 dicteria

173 2751 291 2823 satyrae
318 2747 463 2808 interdum
486 2749 580 2829 jacit;
609 2767 825 2826 nonnumquam
845 2749 933 2810 robur
955 2754 985 2810 et
1005 2749 1158 2810 audaciam
1178 2747 1266 2824 lyrici

173 2849 310 2910 carminis
326 2850 453 2926 attingit.
481 2851 651 2911 Dramatica
672 2851 764 2912 forma
784 2870 832 2913 rea
854 2856 884 2912 ct
904 2870 1044 2929 personas
1061 2853 1267 2928 repraesentat

173 2951 341 3033 reddituum
359 2953 502 3031 impetus,
524 2955 693 3035 cupidines,
715 2956 805 3034 animi
825 2955 1033 3018 concitationes
1050 2957 1092 3015 ita
1112 2953 1266 3030 exprimit,

173 3060 206 3118 ut
225 3058 256 3118 in
276 3059 425 3119 amatoriis
446 3058 598 3120 affectibus
620 3058 819 3136 explicandis,
840 3063 976 3119 monente
997 3057 1156 3133 Beroaldo,
1177 3054 1266 3114 facilc

173 3161 214 3222 sit
232 3161 415 3237 praecipuus.
437 3159 522 3234 Quod
542 3161 569 3221 si
590 3161 700 3221 diutius
721 3161 861 3240 vixisset,
881 3179 900 3220 a
917 3160 1097 3221 Callimacho
1108 3163 1138 3220 et
1148 3157 1267 3218 Phileto

174 3263 285 3340 ingenii
310 3270 415 3325 natura
442 3264 481 3325 ad
505 3265 665 3326 Pindarum
692 3269 722 3326 et
741 3263 865 3326 Alosum
885 3265 995 3326 sensim
1015 3265 1185 3339 revocatus,
1201 3260 1266 3337 jam

173 3367 297 3429 Flaccus
317 3367 348 3426 in
368 3366 470 3444 lyricis
491 3366 570 3445 apud
590 3369 736 3429 Romanos
757 3366 831 3428 forte
852 3368 931 3428 solus
951 3384 1010 3426 non
1031 3364 1186 3426 extitisset
1207 3361 1264 3422 hist

209 3573 218 3600 ¹
257 3567 335 3618 Verba
355 3569 441 3636 elegiae
462 3573 490 3624 de
512 3572 602 3624 Umbra
619 3574 734 3639 Cynthiae
751 3573 847 3624 dubium
863 3573 963 3623 reddunt
981 3573 1026 3623 hoo
1034 3572 1216 3623 matrimonium.
1236 3572 1265 3621 ln

171 3647 236 3699 hisce
263 3650 350 3715 ingenii
372 3655 580 3705 exercitationibus
601 3656 709 3721 magistri
732 3659 755 3706 et
778 3655 886 3721 discipuli
907 3671 961 3706 cum
978 3671 1089 3722 magnum
1106 3655 1184 3706 uirum
1200 3669 1264 3704 oom-

172 3732 281 3783 msudarc
304 3733 341 3784 sel
365 3735 453 3788 imitari
475 3737 607 3798 studerent,
633 3738 750 3804 imprimis
773 3737 802 3788 ud
818 3737 955 3788 historicam
971 3739 1095 3790 venitotem
1111 3751 1156 3805 pro
1175 3735 1265 3787 viribus
1305 3739 1306 3746 ’

172 3816 331 3888 respiciebant.
