2640 4400
202 871 260 954 BE
282 869 515 959 sustuna
537 875 712 960 usuum
734 877 971 964 EXGURSUS.

573 1177 644 1184 -..η
649 1177 692 1185 ...-

76 1401 139 1479 Ea,
168 1417 245 1476 quae
269 1402 406 1478 leguntur
429 1421 497 1481 pag.
522 1403 621 1465 XLIV
641 1407 671 1466 et
691 1422 772 1481 seqq.
794 1405 983 1481 scripseram,
1012 1421 1077 1464 eum
1099 1405 1129 1465 in

37 1519 141 1564 manus
162 1521 244 1564 meaa
263 1509 407 1566 venerunt
429 1504 525 1566 Nouae
549 1505 735 1578 Quaestioues
753 1503 962 1584 Propertiuaue
978 1503 1012 1566 0.
1028 1506 1129 1568 Heim·

37 1604 142 1666 reichii
170 1604 226 1666 hoe
246 1625 322 1668 anno
343 1605 614 1689 (offlcecuxvss)
635 1607 757 1685 Lipsiae
777 1609 925 1685 vulgatae.
956 1608 1067 1670 Doctus
1083 1609 1130 1670 vir

37 1707 221 1785 Propertium
242 1709 324 1770 Libri
346 1709 450 1785 Quarti
470 1714 616 1770 auctorem
637 1728 695 1771 nou
715 1714 860 1788 autumat,
881 1715 1037 1788 monetque
1058 1712 1128 1773 Paa-

38 1812 138 1871 sennio
155 1811 260 1872 Paullo
280 1812 466 1872 tribuendum
487 1827 560 1873 csse.
582 1809 784 1890 Oonjecturam
800 1813 890 1873 nullia
908 1813 1087 1890 argumentis
1099 1813 1129 1874 in

37 1914 165 1975 medium
194 1915 293 1976 allatis
317 1933 371 1976 nec
392 1919 523 1976 veterum
544 1915 710 1977 testimonio
730 1919 782 1976 aut
801 1915 942 1976 historica
962 1915 1128 1978 inductione

36 2017 375 2097 munitam,perrliffieile
386 2023 431 2080 eet
441 2019 571 2097 recipcre
582 2023 633 2078 aut
643 2019 773 2097 rejicere.
794 2019 909 2079 Plinius
920 2017 958 2078 de
968 2020 1129 2081 Pescennio

37 2121 126 2182 Paule
147 2120 204 2182 ait:
228 2119 286 2197 ,lu
308 2120 400 2182 literis
417 2125 524 2181 ueteres
543 2121 724 2202 aemulatur,
746 2121 899 2199 exprimit,
921 2120 1036 2181 reddit:
1057 2117 1127 2180 Pra-

35 2223 158 2298 petiam
170 2223 201 2284 ia
209 2224 328 2304 primis,
341 2241 359 2285 a
375 2243 428 2304 quo
445 2243 537 2303 aeuus
554 2225 645 2304 derit,
661 2241 730 2285 uera
746 2224 867 2302 soboles,
880 2242 965 2304 eoque
976 2224 1129 2286 simillima

38 2327 92 2406 illi,
114 2327 147 2387 iu
168 2346 222 2407 qao
243 2327 295 2387 ille
312 2327 496 2406 praecipuus.
531 2327 564 2388 Si
585 2327 678 2407 eleqos
696 2328 756 2406 aas
771 2328 801 2387 iu
819 2344 939 2388 marram
955 2328 1127 2406 sumpseris,

39 2429 108 2508 leues
130 2449 202 2510 omas
223 2437 346 2509 termm,
367 2431 471 2510 molle,
486 2431 649 2508 jucundam
675 2437 701 2491 et
720 2430 809 2508 pleae
829 2430 861 2489 iu
878 2428 1023 2508 Propertii
1044 2431 1126 2490 dome

39 2537 183 2615 seriptum.
206 2534 307 2613 Nuper
322 2534 361 2594 ad
378 2533 472 2611 lyrica
490 2533 620 2612 desierit,
637 2533 670 2593 ia
688 2533 850 2613 quibusda
868 2531 1036 2610 Horatium,
1052 2533 1126 2593 atia

38 2637 94 2699 illis
111 2639 198 2700 ilium
215 2637 340 2699 alterum
358 2637 482 2717 efflauit.
504 2636 607 2716 Putes,
618 2637 644 2697 si
655 2636 725 2716 quid
735 2635 1024 2714 iastudiiscoquatio
1035 2635 1124 2714 ualet,

40 2748 69 2800 rt·
82 2742 169 2820 tejas
188 2742 390 2820 propinquam.
418 2739 527 2818 Meque
553 2739 690 2819 uarietas,
716 2757 824 2818 maara
851 2739 1007 2800 arobiiitas.
1039 2736 1126 2797 Amat

40 2852 67 2904 et
93 2845 143 2926 qui
169 2845 330 2924 uerissime,
362 2843 438 2905 dolet
468 2851 501 2905 ut
532 2844 581 2924 qui
608 2845 871 2924 impatientissime,
900 2844 1056 2904 teudeiat
1077 2843 1126 2921 qui

41 2947 253 3028 tremuissime,
277 2949 351 3008 ludit
371 2955 403 3008 at
424 2949 473 3028 qai
493 2946 678 3028 facetissime.
714 2946 817 3008 Omnia
840 2947 960 3026 demque
977 2953 1125 3025 tamquam

42 3051 150 3131 sauata
183 3051 334 3114 absoluit.''
374 3051 521 3112 Maximae
551 3069 598 3112 me
629 3051 728 3112 hercle
760 3049 882 3130 laudee3
913 3066 996 3127 ergo,
1027 3047 1124 3109 Plinio

38 3155 148 3237 judice,
169 3155 348 3217 Pescennius
368 3154 490 3215 Paullus
510 3153 629 3215 inclitus
649 3158 743 3214 vates.
774 3151 852 3226 Quia
872 3169 943 3214 vero
963 3151 1000 3212 de
1020 3155 1125 3228 quarto

40 3256 108 3319 libro
127 3257 430 3338 Pseudoprepertiauo
451 3256 541 3318 sentit
555 3254 797 3318 Heimreicbius?
822 3253 975 3332 ,Excepto
996 3253 1125 3314 carmine

42 3362 183 3423 undecimo
206 3361 366 3443 (Oomelia)
383 3361 526 3441 pecudem
540 3378 641 3423 omnes
659 3359 727 3443 (eie)
746 3360 862 3440 sapiam
878 3365 905 3419 et
921 3356 1123 3418 scholasticum

42 3471 164 3546 metam,
180 3483 334 3544 crassaque
349 3463 479 3524 Minerua
491 3471 558 3524 suat
575 3465 731 3542 composita
743 3508 750 3523 .
763 3507 790 3523 ..
816 3462 895 3534 Qecac
905 3462 937 3522 iu
947 3459 1124 3521 carminibus

45 3566 150 3647 quieto,
179 3565 312 3646 septime,
341 3572 439 3626 oetaeo
467 3571 643 3626 erearraatar
669 3584 761 3628 ca...
784 3564 972 3644 spurcissima
992 3567 1059 3623 aaut
1079 3561 1124 3620 uel

45 3667 290 3748 iaeleaautissime.
328 3667 421 3729 Addit
451 3666 663 3749 difficillimum
695 3685 760 3729 csse
792 3668 945 3728 stultorum
970 3670 1122 3743 poetarum

47 3769 221 3850 intepretari
246 3773 382 3841 tuscula,-
408 3777 439 3833 et
462 3772 626 3834 concludite
652 3773 702 3833 sed
727 3773 799 3834 satis
824 3773 859 3832 de
884 3769 1004 3832 absurdi
1020 3773 1123 3846 poetae

1007 3871 1026 3920 d
