2640 4400
1029 395 1128 439 XXVII

39 552 249 630 Propertinnos
270 551 437 628 imitantur,
459 553 490 609 at
510 550 584 612 meri
604 567 661 612 non
681 555 764 626 suut,
780 550 906 626 olimque
920 551 1050 612 numeris
1064 569 1128 613 ver-

38 674 87 716 sus
108 655 240 732 regitur,
260 670 356 730 neque
376 653 481 713 eodem
498 653 551 714 illo
568 657 613 714 est
633 653 708 713 ratio
725 652 848 729 poetice
869 653 992 730 Propter
1012 655 1091 730 quod
1111 675 1130 716 a

36 761 158 835 recepta
175 757 324 818 sententio
340 745 496 816 discedens
518 756 684 834 suppositos
703 759 841 832 quattuor
852 757 956 833 ¹elegos
973 759 1130 820 amatorios

36 864 154 941 iudico,
186 860 299 937 ingenii
329 859 539 920 exercitatione
569 857 726 936 confictos,
756 861 896 936 usurpato
926 860 1070 938 Propertii
1101 867 1130 923 et

35 965 186 1044 Cynthiae
212 964 345 1042 nornine3
373 962 539 1040 fragmento
566 961 702 1039 Dictum,
731 963 853 1039 perinde
873 967 961 1039 etque
982 963 1130 1042 Astrologi

36 1073 65 1128 et
86 1067 257 1130 Arethusae
278 1067 391 1144 elegius
411 1067 515 1127 itidem
535 1083 624 1142 opere
640 1066 742 1142 judico
761 1083 819 1126 non
839 1066 1044 1146 Propertisne,
1060 1085 1129 1144 quo·

37 1189 102 1231 rum
123 1175 227 1232 tomen
248 1175 397 1232 auctorem
417 1171 564 1248 inquirere
583 1171 681 1230 lioeet.

77 1274 358 1351 Quomodoeumque
374 1290 406 1332 se
421 1291 470 1333 res
490 1270 596 1352 hebet,
623 1271 691 1332 Sex.
712 1271 827 1333 Aurelii
848 1272 997 1350 ingenium
1018 1278 1048 1334 et
1067 1275 1129 1336 lou·

38 1378 104 1438 dem
131 1375 260 1454 Cynthia
281 1379 311 1436 et
334 1375 466 1436 Cornelio
488 1376 573 1436 unice
593 1375 726 1453 probant.
747 1374 876 1450 Quantus
889 1376 1130 1456 liber,sipoetoe

39 1481 149 1541 samem
168 1499 228 1541 non
248 1481 356 1557 laedit,
377 1479 506 1557 profecto
526 1497 584 1542 non
605 1484 702 1556 auget

555 1775 616 1841 ΙΙΙ.

290 1981 344 2028 M}
368 1981 444 2030 EAG
466 1981 655 2030 linimur:
675 1981 882 2030 ὒΥΝΤΙΙΙΑΕ.

77 2139 126 2199 Ex
155 2141 193 2201 iis
214 2158 290 2216 quae
312 2142 446 2219 superius
468 2143 618 2222 disputato
638 2147 720 2221 suut,
741 2148 823 2221 patet
844 2144 901 2205 trin
922 2161 987 2206 esse
1008 2145 1038 2204 in
1062 2143 1130 2206 Pro-

42 2243 126 2316 pertii
145 2243 294 2304 amoribus
312 2248 452 2324 temporo.
480 2245 540 2306 Ubi
557 2246 693 2324 primitus
714 2245 873 2323 Cynthiem
893 2247 985 2326 vidit,
1010 2245 1131 2308 mirilico

43 2345 166 2420 quodem
188 2347 248 2408 telo
268 2365 423 2425 percussus
446 2351 592 2411 exclamat

242 2451 332 2501 Cometa
348 2456 402 2502 tuus
419 2453 525 2520 sepelivit
541 2469 619 2514 umor,
636 2471 678 2504 nec
695 2455 780 2504 femine
796 2457 850 2518 post
866 2459 890 2504 to

274 2533 330 2582 Ulln
346 2534 410 2584 dedit
426 2535 485 2584 eollo
502 2535 579 2586 dulcio
594 2536 671 2585 vinclu
687 2552 746 2586 meo.

8 2599 9 2606 ἵ
45 2618 99 2680 Sed
126 2621 178 2680 vix
207 2625 272 2681 erat
297 2623 359 2684 voti
387 2641 503 2701 compos
532 2623 605 2704 (ono
625 2631 676 2685 aot
698 2625 791 2686 altero
813 2643 872 2684 oon
891 2625 1019 2685 coricium
1040 2631 1082 2684 est
1101 2624 1133 2684 io

46 2741 139 2783 rmore
151 2723 286 2804 peraeto)
303 2743 340 2785 en
356 2743 495 2804 angores,
517 2727 734 2788 criminationes
744 2728 881 2804 bellaque
892 2727 989 2786 tristia
999 2727 1133 2788 continuo

46 2827 131 2886 animi
152 2827 386 2904 conjunctionem
409 2832 596 2909 perturbant3
620 2831 743 2908 jamque
763 2830 863 2908 puella
883 2831 1052 2894 Praetorem
1072 2829 1133 2906 lly-

47 2929 116 2988 rium
136 2934 287 3007 petentem
308 2932 440 2992 comitari
460 2936 595 3012 paratur,
617 2932 752 3010 precibus
777 2936 876 2993 tamen
897 2934 1035 3016 emptoris
1055 2933 1134 2994 vieto

48 3029 152 3093 Romae
184 3038 292 3094 munet.
334 3034 437 3096 Paullo
468 3040 534 3112 post
565 3037 664 3097 morbo
691 3036 865 3114 corripitur3
894 3035 989 3094 salute
1015 3042 1134 3113 recepta

48 3151 136 3195 novae
157 3135 310 3216 (alisciae,
331 3140 437 3199 breves
458 3141 645 3218 inimicitiae,
668 3140 803 3200 induciae
821 3141 851 3198 et
867 3138 1133 3214 poeeesuoeedunt.

48 3235 84 3294 ot
109 3239 248 3318 Praetor,
277 3259 352 3302 anno
373 3243 502 3303 muneris
524 3243 555 3302 in
575 3243 681 3318 Illyria
701 3244 836 3319 peraeto,
858 3240 975 3300 Italiam
995 3241 1133 3318 appellit,

49 3337 165 3400 Romam
194 3341 286 3421 redit,
315 3347 377 3423 turn
406 3342 534 3418 Cynthia
561 3342 649 3420 hujus
676 3345 745 3404 vote
771 3360 829 3402 non
848 3346 992 3402 moratur:
1014 3342 1135 3402 cubator

52 3440 176 3503 Candido
213 3450 273 3504 tom
304 3447 388 3524 foedo
421 3447 541 3507 brechio
570 3449 640 3526 soso
669 3447 738 3507 oiro.
767 3446 935 3522 Propertius
963 3444 1080 3522 dolere,
1102 3462 1134 3504 se

11 3615 12 3626 ,
38 3561 191 3632 ¹oraoerore
220 3565 255 3609 ao
279 3549 372 3629 ringi,
399 3549 557 3611 barbarum
583 3552 693 3629 virum,
715 3550 852 3611 venalem
872 3548 1009 3608 seminam
1030 3547 1135 3608 cormi-

11 3653 12 3700 ἰ
51 3648 128 3710 nibus
156 3651 352 3728 proscindere.
394 3654 587 3714 Excluditur:
619 3672 742 3730 magnae
764 3654 883 3714 turbae:
905 3653 1024 3713 demens
1044 3650 1135 3711 foedi-

11 3745 12 3763 ¹
52 3747 170 3831 tregam,
199 3753 322 3814 rivalem
350 3761 380 3814 et
407 3756 595 3832 semetipsum
616 3756 754 3833 jugulare
780 3756 946 3835 minitatum,
971 3756 1083 3814 eoelum
1107 3759 1136 3814 et
