2624 4398
586 345 625 403 95

174 518 243 579 Non
264 521 310 578 est
329 517 383 578 illu
403 516 489 594 vagis
509 515 616 578 similis
637 517 745 578 collata
765 517 888 595 puellis:

214 619 344 682 Molliter
364 619 453 680 irasci
473 637 531 682 non
552 621 628 682 solet
648 620 702 681 illa
721 619 786 680 tibi.

174 723 288 801 Quodsi
308 724 384 786 forte
405 724 465 786 tuis
485 741 543 784 non
565 727 611 784 est
630 723 778 784 contraria
796 723 893 803 votis,

213 830 255 891 At
274 829 330 891 tibi
350 845 486 890 curuum
506 828 590 890 milia
609 831 721 905 quante
739 828 843 889 dabit!
1114 829 1154 889 10

172 934 241 996 Non
261 933 317 995 tibi
333 932 397 1011 jam
416 950 533 994 somnos
553 950 613 993 nox
633 933 696 992 ulls
715 932 863 1008 relinquet
883 931 1002 993 ocellis:

213 1037 272 1098 llla
291 1035 369 1098 ieros
390 1036 497 1097 animis
517 1036 713 1114 adligatum
733 1036 821 1096 viros

174 1138 223 1200 Ah
243 1159 310 1202 mea
330 1144 514 1220 contemptus
535 1141 651 1217 quoties
672 1139 711 1200 ad
732 1139 836 1200 limina
856 1155 972 1218 curres,

215 1239 292 1303 Cum
312 1242 367 1304 tibi
388 1245 521 1320 singultu
541 1242 629 1303 fortia
649 1241 741 1302 verba
761 1241 882 1302 cadent!

173 1344 214 1407 111
234 1346 378 1406 tremulus
398 1346 518 1406 moestis
539 1346 649 1406 orietur
668 1344 785 1405 fletibus
806 1343 923 1422 horror,
1112 1341 1151 1402 15

213 1447 254 1508 111
273 1448 361 1508 timor
381 1447 534 1508 informem
556 1448 645 1508 ducet
664 1447 695 1507 in
716 1464 766 1507 ore
786 1451 902 1526 notam,

173 1550 214 1611 nt
234 1567 427 1627 quaecunque
448 1551 547 1629 voles,
568 1549 684 1628 fugient
703 1549 758 1610 tibi
779 1549 870 1610 verba
890 1547 1041 1628 querenti,

212 1652 277 1714 Nec
296 1653 425 1731 poteris,
447 1653 499 1729 qui
520 1653 578 1733 sis,
600 1645 652 1713 aut
671 1653 738 1732 ubi,
759 1670 845 1714 nosse
866 1652 965 1714 miser.

173 1756 252 1816 'lum
272 1774 364 1833 grave
386 1756 540 1836 seruitium
560 1760 679 1818 nostrae
699 1773 803 1832 cogere
824 1756 941 1832 puellae

213 1859 351 1938 Discere,
373 1863 403 1920 et
424 1860 575 1920 exclusum
596 1859 668 1936 quid
689 1859 729 1919 sit
749 1858 831 1919 abire
853 1859 980 1918 domum.
1109 1860 1150 1918 20

173 1960 238 2023 Nec
252 1961 317 2039 jam
337 1962 480 2037 pallorem
500 1963 588 2023 toties
609 1962 755 2022 mirabere
775 1964 923 2040 nostrum,

214 2063 275 2125 Aut
295 2064 423 2126 cursim
443 2068 504 2125 toto
525 2082 645 2142 0000000
665 2065 764 2124 nullus
786 2081 857 2143 ego,

173 2166 238 2228 Neo
257 2167 313 2231 tibi
334 2167 473 2228 nobilitas
494 2167 603 2243 poterit
623 2184 794 2228 succurrere
814 2166 941 2226 amanti:

213 2270 318 2332 Nescit
338 2288 420 2331 amor
439 2269 545 2346 priscis
566 2270 672 2331 cedere
693 2269 881 2346 imaginibus.

174 2370 287 2448 Quodsi
307 2390 400 2450 parva
420 2376 489 2433 tuae
511 2371 630 2433 dederis
650 2372 779 2448 vestigia
799 2372 921 2450 culpae,
1113 2373 1152 2432 25

214 2474 311 2552 Quam
330 2476 389 2538 cito
409 2476 447 2536 de
468 2479 550 2538 tento
570 2476 688 2538 nomine
708 2493 806 2536 rumor
826 2476 902 2537 erisl

174 2579 242 2642 Non
262 2597 318 2657 ego
337 2583 400 2640 tum
420 2583 521 2656 potero
542 2579 650 2641 solatia
669 2577 746 2640 ferre
766 2579 898 2657 roganti,

213 2681 288 2745 Cum
307 2682 381 2744 mihi
401 2684 484 2744 nulla
503 2683 563 2742 mei
583 2683 623 2743 sit
643 2682 791 2743 medicina
810 2681 891 2742 mali.

174 2784 235 2848 Sed
254 2788 366 2865 pariter
386 2788 487 2848 miseri
507 2787 586 2848 socio
606 2804 744 2863 cogemur
764 2804 879 2864 amore,

214 2891 301 2952 Alter
320 2892 352 2952 in
372 2892 495 2953 alterius
515 2896 618 2952 mutua
636 2891 708 2952 flere
729 2890 804 2952 sinu.
1111 2891 1152 2952 30

175 2993 273 3071 Quare
294 2995 367 3073 quid
386 2997 480 3074 possit
500 3013 567 3056 mea
588 2994 735 3075 Cynthia,
754 2994 874 3074 desine,
896 2991 997 3072 Galle,

213 3098 378 3174 Quaerere:
398 3119 457 3161 non
477 3100 596 3178 impune
617 3092 671 3160 illa
691 3103 795 3177 rogata
816 3099 907 3159 venit

101 3232 129 3283 1.
163 3231 222 3282 Eam
239 3247 363 3298 sequamur
379 3231 441 3282 vitae
457 3231 584 3290 rationem,
602 3248 686 3296 quam,
702 3229 1152 3296 velutianaturadatam,unusquisque

49 3318 162 3365 nostrum
177 3317 269 3366 0000100
286 3317 328 3365 est.
346 3315 483 3380 Propertius
498 3330 568 3364 uuam
577 3331 655 3364 amare
661 3314 798 3378 jactitabat;
810 3311 905 3363 Gallum
914 3316 996 3362 contra
1003 3311 1076 3363 veluti
1085 3329 1150 3363 erro·

48 3410 104 3448 nem
130 3399 197 3448 notet
218 3397 256 3447 El.
274 3398 327 3447 VII
347 3399 398 3448 Sao.
416 3396 469 3446 Lib.
487 3397 532 3448 rios·
548 3397 651 3462 deceptis
667 3401 769 3463 asydur
779 3399 852 3463 sama
863 3397 966 3462 puellis,
986 3397 1070 3447 Certus
1086 3397 1152 3447 st'in

49 3481 119 3530 nullo
137 3479 233 3544 quaeris
248 3495 328 3530 amore
343 3496 441 3531 moram.

100 3569 128 3619 3.
162 3569 210 3618 Pro
227 3583 289 3618 meos
298 3568 400 3635 sorores
417 3568 609 3620 Hemsterhusius
626 3567 772 3636 proponebat
788 3585 868 3628 meae,
884 3567 901 3617 i.
918 3584 938 3618 e.
957 3567 1080 3634 Cynthiae.

100 3661 128 3711 8.
161 3659 276 3726 Scaliger,
294 3661 386 3711 Codicis
403 3661 524 3726 Oujaciaui
533 3661 685 3720 auctoritate,
702 3659 833 3710 emendarit
840 3659 900 3710 sciet
908 3659 954 3709 illa
959 3679 968 3716 ‚·
986 3658 1151 3709 Lachmennus

52 3742 174 3796 audacius:
191 3745 316 3796 00000101
331 3744 389 3795 itta:
409 3745 472 3796 time.
494 3743 618 3810 Scriptura
633 3745 683 3809 opt.
701 3743 759 3794 Ood.
776 3758 824 3792 non
840 3747 875 3792 est
891 3741 1035 3806 corrigenda.
