2624 4398
528 351 585 410 117

66 521 236 591 interpolatori
258 523 283 576 in
304 521 382 575 animo
405 525 472 576 arant
493 537 575 574 omaus
598 523 728 592 Vergiliani
754 524 838 592 Georp.
856 523 903 586 IV,
925 524 1072 588 leo-148,

66 605 108 657 ubi
133 606 221 658 vidisse
242 623 266 658 se
288 605 406 675 quondam
422 605 447 658 in
463 605 516 674 ripa
532 605 625 658 Galaesi
641 608 743 658 fertilem
759 608 821 658 senia
838 607 959 673 cujusdam
975 610 1072 660 hortum

66 692 154 740 narrat
170 726 179 740 .
197 725 204 740 .
221 725 254 740 ..
279 688 334 755 Quo
358 691 464 757 ternpore
487 689 513 740 in
538 693 629 742 textum
655 689 793 760 irrepserint
818 707 899 742 versus
923 691 1071 760 interpolati,

66 771 190 822 difficilius
205 775 242 823 est
257 771 400 838 excogitato.
417 773 529 832 Attamen
546 771 686 839 quicumque
702 773 798 841 scripsit
814 773 902 824 Donati
917 773 992 824 ιίῐιιιι
1009 775 1070 826 Ver·

65 853 126 919 gili,
143 854 164 904 is
177 853 229 919 jam
245 853 304 920 legit
318 855 363 904 hoa
379 869 469 905 umens.
486 854 525 904 Ibi
541 854 604 905 enim
619 855 676 906 baec
693 855 816 922 lcgnntnrr
833 853 947 906 Aeneidos
961 855 1071 907 vixdum

65 940 169 1004 coeptae
188 940 256 988 muta
277 936 358 988 extitit
379 938 457 997 lama,
483 941 512 988 ut
535 937 621 988 Sextus
646 939 786 1006 Propertius
810 953 858 988 non
877 937 1021 989 dubitaverit
1036 938 1070 988 sic

65 1019 214 1087 praedicere:
240 1018 323 1072 Ceditc
343 1019 452 1070 Romans*
472 1020 667 1087 scripturaram
702 1021 779 1070 anc
795 1034 870 1084 urqoc
886 1018 1070 1077 Heimnuicbina.

66 1105 155 1169 Nuper
171 1104 232 1154 oco
249 1101 390 1154 Ribbeolius
406 1102 431 1153 iu
447 1101 627 1168 Postumo
639 1101 776 1154 mmcd
788 1101 919 1166 reptatus
932 1101 1069 1165 rejiciendos

66 1201 152 1237 rerem
167 1187 203 1236 uti
220 1185 311 1252 spurios
328 1185 434 1251 negavit,
452 1185 507 1252 quia
514 1185 601 1235 heroici
608 1185 659 1236 atili
668 1183 809 1251 mmmmm
822 1183 949 1234 amatoriae
961 1182 1070 1234 lasciviae

67 1270 157 1337 opponi
177 1269 216 1320 rel
238 1272 337 1336 propter
353 1269 467 1318 Varronis
484 1267 589 1319 Attaciui
605 1267 738 1335 exemplum
754 1266 859 1317 adlatum
876 1271 908 1330 (ι.
926 1266 957 1324 3,
974 1266 1068 1327 XXIX)

66 1356 139 1420 putat
153 1352 310 1403 necessarium
324 1351 402 1401 inissa
419 1351 546 1402 Eruditum
561 1351 641 1402 virum
662 1351 724 1416 frigit
741 1350 861 1415 Lynceum
878 1364 920 1398 sen
940 1347 1068 1398 Ponticum

67 1436 162 1502 epicum
169 1433 438 1502 posmaeonscripaiase,
456 1434 517 1498 quod
534 1433 612 1484 Varro
629 1449 721 1499 quoque
736 1432 804 1491 fecit;
822 1431 960 1498 Propertius
977 1432 1066 1482 Varro·

67 1534 122 1568 nem
144 1521 275 1577 memorat,
296 1516 337 1582 qui
359 1515 388 1565 ab
411 1515 577 1581 &geniminis
598 1517 628 1566 ad
645 1515 787 1566 Leucadiam
803 1529 871 1564 snam
886 1513 1022 1572 deflexerat,
1039 1516 1067 1564 ut

68 1601 174 1660 ιιιιιὶιιιιι,
196 1597 300 1650 Atticini
322 1598 442 1665 exemplo,
466 1599 548 1650 relicta
569 1597 698 1659 Thebaida,
722 1596 842 1648 fallacibus
859 1596 930 1662 elegia
945 1595 1066 1662 ingenium

68 1683 194 1750 expoliret=
211 1682 283 1748 ioque
298 1685 351 1732 tuos
367 1681 445 1746 ι’φιιι,
463 1681 523 1732 darc
537 1687 620 1748 poeta,
638 1681 707 1739 reah
724 1680 782 1730 haec
799 1678 909 1730 omnibns
923 1678 1017 1746 placent
1030 1677 1068 1728 vel

68 1765 164 1816 rudibus
176 1764 213 1816 rel
227 1765 252 1815 in
266 1779 345 1815 amore
357 1763 453 1830 perita
468 1764 528 1815 daec
542 1779 634 1831 quoquc
642 1765 750 1831 perfecto
763 1763 862 1814 ludebat
874 1763 963 1812 Iasone
980 1760 1067 1811 Varro.

162 1935 250 2034 Actia
269 1971 427 2050 Virgilium
447 1972 577 2036 caroea
597 1973 685 2052 upa
703 1973 834 2054 rhoesi,

201 2073 336 2138 Caesaris
357 2079 387 2136 et
406 2074 496 2138 fortes
516 2075 614 2137 dicere
634 2092 721 2154 posse
741 2079 839 2158 retes,

161 2175 456 2252 quarantenae
476 2178 599 2257 Trojani
619 2179 744 2241 suscitat
764 2197 864 2259 mma,

198 2281 343 2359 laetaque
362 2282 485 2344 Lavinis
505 2283 620 2346 moenia
641 2282 785 2346 litoribus.

161 2386 265 2449 Gadita
286 2388 410 2449 Romani
430 2387 602 2466 scriptores,
624 2386 721 2448 cedite
741 2385 841 2466 Graji:

199 2492 308 2554 Nescio
328 2491 400 2571 qnid
420 2491 515 2571 majus
535 2492 666 2554 nascitur
685 2491 789 2552 Iliade.

158 2594 207 2656 'l'u
228 2594 309 2658 cauis
328 2594 457 2656 umbrosi
478 2594 579 2656 subter
599 2595 702 2674 pineta
723 2592 843 2656 Galaesi

200 2697 333 2776 Thyrsin
353 2703 384 2760 et
403 2698 513 2760 attritis
532 2699 673 2778 Daphnin
694 2699 903 2779 arundinibus,

161 2801 260 2880 thue
280 2801 382 2863 decem
401 2801 514 2878 possint
534 2819 718 2880 corrumpere
738 2801 818 2862 mala
836 2801 982 2880 puellam,

199 2905 307 2967 Missus
327 2909 358 2966 et
378 2905 529 2984 impressis
548 2904 662 2966 haedus
683 2904 721 2965 ab
742 2904 891 2966 uberibus.
1060 2905 1100 2964 10

160 3008 262 3089 Felix,
282 3009 334 3086 qni
354 3009 429 3070 viles
449 3009 544 3088 pomis
564 3009 703 3070 mercaris
723 3011 853 3071 amores!

199 3110 278 3172 Hnie
297 3111 369 3172 licet
389 3111 522 3189 ingratae
543 3111 668 3189 Tityrum
689 3112 753 3190 ipse
773 3115 868 3173 canat.

160 3213 264 3294 Felix,
285 3213 426 3276 intactum
447 3213 583 3292 Corydon
603 3215 654 3292 qni
674 3217 769 3276 tentat
789 3212 898 3275 Alexin

198 3316 354 3394 Agricolae
375 3316 485 3378 domini
505 3335 625 3396 carpere
645 3315 784 3378 deliciasl

159 3419 301 3498 Quamvis
321 3422 372 3483 ille
392 3438 448 3483 sna
467 3423 563 3484 lassus
583 3421 749 3499 requiescat
769 3439 879 3499 avene,
1058 3418 1097 3480 15

197 3524 350 3587 Laudatur
369 3525 471 3588 faciles
492 3526 569 3587 inter
589 3523 824 3602 Hamadryadas.

159 3630 207 3692 Tu
227 3629 308 3691 oanis
329 3627 451 3691 Ascraei
470 3628 580 3691 veteris
600 3630 758 3707 praecepta
777 3630 897 3706 poetae,

199 3733 264 3810 Quo
285 3752 371 3813 seges
391 3735 423 3797 in
442 3752 560 3814 eampo,
582 3752 640 3812 quo
660 3733 737 3796 viret
756 3751 816 3794 ova
831 3731 913 3810 jugo.
