2624 4398
732 359 774 422 34

244 533 283 582 16.
318 531 391 582 Codd.
417 531 500 581 Tellus
520 531 545 580 id
567 533 603 580 est
626 530 701 580 Inferi
719 532 760 581 nii.
794 533 944 582 Burmannus
961 531 1092 597 conjecerat
1113 529 1259 590 Versa-lou

209 613 283 673 enirn,
296 612 376 676 jndice
392 613 529 678 Propertio,
545 611 600 672 Per
613 629 639 663 se
645 614 761 678 formosis
776 613 896 664 invidiosa
912 615 967 666 Dea
982 619 1027 664 est,

243 702 275 753 18
291 707 315 753 et
332 704 371 752 19.
406 701 480 752 Codd.
500 702 525 751 in
541 719 564 751 v.
578 703 622 751 18:
646 704 753 752 lacrimis
769 704 841 762 mein
862 704 887 752 in
906 705 951 754 19:
969 721 1030 769 quae
1046 709 1072 754 tu
1091 707 1147 754 viva
1162 699 1260 766 scopari

207 784 396 851 amiresooilla.
413 784 496 834 eritici
504 787 635 850 exponunt:
650 785 788 850 Propertius
796 786 843 844 ait,
852 790 1005 836 semortuum
1014 791 1167 852 ucepanum
1175 783 1260 851 Cynlllsffl

208 883 263 916 curn
278 867 393 926 lacrimis,
409 867 501 916 etiamsi
516 865 559 914 illa
574 869 630 932 post
645 867 734 916 multos
750 883 824 916 curros
840 869 870 916 ad
885 868 980 918 umbras
990 869 1022 918 sit
1029 869 1173 929 obsessura,
1185 871 1203 918 et
1209 870 1260 932 open

207 953 236 999 ut
252 951 355 1014 b'ynthia
370 950 424 998 viva
440 949 526 998 sentiat
538 949 564 996 in
579 949 637 1014 ipsis
654 950 766 998 amatoris
783 949 900 998 cineribus
909 955 1024 1016 quantum
1031 951 1189 1002 velamortuo
1197 951 1261 998 austu.

207 1033 293 1084 Taedet
308 1049 322 1082 e
337 1031 475 1082 suafiaeimo
492 1031 593 1082 carmine
609 1035 659 1080 tarn
672 1035 748 1080 tortas
761 1033 912 1082 sententiolas
926 1033 1064 1098 exprimere.
1082 1033 1161 1082 Satius
1172 1029 1260 1092 eritsorip·

207 1119 274 1165 trrraa
295 1115 354 1164 vitia
374 1115 443 1163 fateri
465 1116 489 1162 et
505 1113 603 1162 demae
636 1113 742 1178 Scaliger
758 1115 863 1164 conenit
879 1114 988 1165 mio
1003 1115 1052 1164 ruia
1067 1131 1113 1181 pro
1130 1116 1194 1173 meie5
1189 1114 1260 1161 rau

207 1197 309 1248 retius'
302 1213 328 1246 rn
350 1200 427 1246 vetera
448 1211 490 1244 suo
514 1194 691 1246 Cod.1nveuit.·
717 1197 824 1252 Quodsi
839 1197 865 1246 in
883 1202 907 1246 te
923 1215 960 1246 me
970 1198 1077 1263 possim
1100 1201 1201 1263 excerpta
1213 1193 1261 1244 Molli

206 1279 305 1329 habent·
334 1280 399 1333 Quae
421 1282 448 1327 tu
470 1277 530 1326 oica
565 1278 681 1342 Reposni:
710 1279 814 1332 Quae
791 1295 828 1338 aa,
842 1279 907 1338 vita,
931 1296 983 1328 mea
995 1280 1085 1344 poesim
1102 1281 1186 1330 sentire
1193 1278 1271 1344 sanita
1279 1270 1283 1299 ¹

208 1361 321 1427 Quamvis
337 1359 409 1424 longa
423 1359 472 1408 dies
488 1358 535 1408 to
528 1374 552 1406 ru
569 1359 639 1408 terris
655 1359 768 1418 detineat,
786 1375 878 1426 sempor
893 1364 972 1410 tumen
989 1361 1124 1427 sepulcrum
1140 1379 1217 1420 maun,
1230 1374 1262 1407 oso

206 1461 258 1496 maa
274 1445 322 1493 sint
311 1442 382 1493 ttibi
398 1457 452 1492 aare
468 1446 492 1490 et
506 1441 609 1490 lacrimis
625 1443 672 1490 tuis
689 1444 819 1492 foveantur.
837 1443 903 1508 Quae
919 1444 997 1505 (idest
1006 1461 1111 1494 amorem
1118 1443 1262 1507 munerun)

207 1528 228 1576 si
249 1541 291 1592 ego
313 1524 399 1574 sentire
421 1523 511 1590 possim
527 1540 540 1572 e
556 1523 671 1574 cineribus
691 1526 762 1584 mab,
782 1529 835 1576 tum
860 1525 925 1576 nullo
948 1527 1008 1576 mihi
1029 1527 1094 1588 loco,
1112 1527 1173 1578 nullo
1190 1530 1263 1590 tenpore

206 1625 271 1659 mors
287 1608 332 1658 crit
349 1621 435 1656 amara.
1283 1617 1284 1635 ¹

239 1699 280 1748 21.
316 1699 390 1752 Quam
406 1709 501 1752 aerem
518 1693 665 1758 subintellige
681 1700 719 1754 ot,
738 1696 787 1744 sed.
1280 1639 1284 1735 l

240 1786 281 1834 24.
300 1787 370 1834 Certa
381 1785 478 1850 puella,
496 1786 616 1842 constans,
633 1784 687 1833 fida.
705 1784 769 1834 Alibi
785 1784 936 1850 Propertius:
954 1786 1024 1846 Heu,
1041 1788 1088 1837 keu
1104 1793 1131 1838 tu
1146 1785 1199 1837 siri
1212 1787 1264 1835 cerro
1281 1762 1285 1775 Ι

206 1885 267 1920 eras.
295 1869 378 1917 Certus
394 1883 448 1916 erar
466 1867 522 1923 heu,
541 1867 594 1915 heu.
612 1866 664 1916 Lib.
681 1867 755 1916 Prim.
774 1868 823 1926 XI,
840 1884 864 1917 v.
883 1867 930 1928 18,
948 1869 989 1918 19.
1009 1869 1110 1924 Quadri
1127 1885 1170 1920 non
1183 1870 1263 1938 cosm

206 1951 253 2002 illa
269 1955 293 2001 et
308 1955 358 2000 tom
374 1953 441 2000 certa
449 1947 548 2013 scirem
567 1947 620 1999 Lib.
636 1951 686 2000 Sec.
705 1949 786 2009 XXX,
804 1965 828 2000 v.
846 1951 885 2000 11.

524 2189 819 2294 ΙΕΙιΕΘιῐΑ
863 2191 955 2257 ΧΧΙ.

609 2343 661 2390 nn
683 2344 894 2392 cunrnrnrr.

469 2466 553 2528 (coar.
579 2470 603 2516 et
627 2467 711 2516 uum.
737 2466 782 2526 15,
808 2467 904 2517 usum.
932 2467 976 2526 re,
1002 2467 1035 2528 1.)

327 2600 421 2678 Saepe
442 2619 497 2678 ego
517 2601 611 2661 multa
630 2604 699 2661 tuae
719 2601 852 2662 levitatis
872 2600 947 2660 dura
965 2600 1123 2679 timebam,
1180 2585 1184 2598 ’

366 2705 431 2764 Hac
451 2709 550 2765 tamen
571 2708 711 2783 excepta,
732 2702 877 2782 Cynthia,
897 2701 1030 2781 perfidia.

325 2807 455 2885 Adspice
474 2827 522 2868 me
543 2812 652 2884 quanto
673 2809 770 2885 rapiat
790 2809 922 2869 Fortuna
941 2808 1068 2885 periclo:

366 2912 415 2972 Tu
434 2916 533 2972 tamon
553 2912 584 2971 in
604 2916 703 2972 nostro
722 2913 803 2972 lenta
823 2913 927 2972 timore
946 2911 1046 2989 venis3

325 3013 365 3073 Itt
383 3016 468 3090 potes
488 3011 640 3072 hesternos
660 3012 795 3073 manibus
815 3030 986 3089 componere
1006 3011 1116 3088 crines,

364 3115 404 3175 Et
424 3115 512 3190 longa
532 3113 637 3174 faciem
658 3115 798 3190 quaerere
820 3115 949 3193 desidia,

303 3223 305 3228 '
325 3217 389 3278 Nec
409 3217 505 3277 miuus
525 3217 596 3277 Eois
617 3221 719 3293 pectus
739 3218 855 3278 variare
875 3217 1002 3296 lapillis,

365 3320 406 3380 Ut
425 3318 551 3380 formosa
571 3337 645 3380 novo
666 3337 742 3395 quae
762 3325 847 3397 parat
868 3321 910 3380 ire
931 3321 1003 3380 viro.

325 3421 365 3484 At
385 3441 444 3484 non
463 3424 507 3484 sio
527 3423 621 3484 Ithaci
643 3424 777 3502 digressu
797 3428 877 3485 mota
897 3423 1027 3502 Calypso

364 3525 498 3588 Desertis
519 3527 589 3588 olim
609 3526 731 3609 fleverat
752 3528 942 3604 aequoribus:

325 3626 433 3689 Multos
452 3627 591 3706 illa-dies
613 3628 767 3706 incomptis
787 3632 899 3690 moesta
919 3628 1035 3706 capillis

365 3727 505 3812 Sederat,
526 3730 635 3811 injusto
655 3733 748 3795 multa
768 3732 867 3795 locuta
887 3733 967 3812 salo;
