2624 4398
726 383 765 440 86

199 557 277 616 locus,
295 557 320 605 in
337 554 404 619 oiujns
421 553 581 620 explanatione
596 553 731 620 discrepant
746 552 793 606 viri
809 555 903 605 eruditi.
933 555 1073 606 hanciscns
1089 555 1198 606 Medios:
1216 553 1281 606 osenla

200 637 327 702 Cynthium
344 652 392 687 non
409 636 483 686 amori
500 635 596 696 debere,
614 636 654 685 sed
670 637 746 686 ventis
763 637 895 688 contrariis.
920 638 1036 703 Scaliger:
1053 639 1156 704 Cynthia
1170 635 1282 704 exprobrat

198 724 282 780 vento,
305 719 350 770 sibi
372 718 432 784 eripi
452 717 532 768 oscula
554 718 665 783 aborto.
700 718 835 768 Fonteinius
857 719 949 785 legebat
966 725 1042 786 ponto
1059 736 1102 786 pro
1119 721 1283 779 omt0,1tant

198 801 335 888 Propertius
358 800 488 869 appellaret
510 801 640 866 oppositam
655 805 756 865 pontem
779 815 844 850 more
866 801 932 866 quod
947 801 1052 865 Contio
1069 808 1126 853 ante
1140 805 1221 853 oculor
1235 805 1282 851 erret

198 865 326 942 battere,
349 883 458 948 quondo,
481 882 550 932 mois
570 883 654 932 itineri
673 888 776 947 parata,
798 897 825 933 co
842 883 915 949 soret
931 885 1041 934 dedomo.
1077 886 1167 934 Parnm
1183 883 1283 947 intelligo

197 965 361 1014 Lachmannus
383 964 482 1030 corrigit
503 970 532 1014 ret
547 964 628 1029 posito
650 979 693 1030 pro
715 964 831 1030 opposito,
859 965 912 1014 et'
904 981 930 1014 ιιι
953 966 1029 1016 Medii
1049 966 1230 1033 explicationem
1244 964 1282 1013 attis

197 1047 275 1098 verbis
291 1047 403 1098 concedit.
437 1048 492 1097 Hoc
507 1047 570 1096 idem
587 1047 620 1097 ait
637 1046 821 1112 Hertzbergius¹
841 1048 967 1112 Cynthium
985 1047 1067 1098 debere
1084 1048 1164 1098 osenla
1181 1045 1283 1113 Propertii

196 1134 266 1180 vento
289 1130 419 1188 contrario¹
443 1128 486 1194 qui
506 1144 531 1177 se
553 1128 692 1192 opposuerit.
729 1130 779 1178 Nec
802 1127 875 1178 detuit
892 1129 932 1194 qui
949 1133 1071 1194 argntatns
1089 1130 1120 1180 sit
1137 1135 1233 1179 omum
1247 1143 1284 1176 sese

196 1217 285 1263 vestem
302 1211 430 1263 tenuissimi
448 1213 584 1268 contextus,
602 1225 673 1276 qnam
691 1209 792 1275 Cynthia
809 1211 898 1260 amanti
911 1211 1056 1276 opponebat,
1067 1213 1171 1262 ntsavia
1182 1211 1282 1278 propello

197 1298 241 1345 ret.
267 1295 343 1345 Unius
359 1295 440 1344 literae
457 1293 541 1343 vitium
558 1297 596 1342 tot
611 1293 759 1358 ingeniorum
772 1295 889 1343 tormenta
903 1294 1004 1358 paravit.
1032 1293 1104 1343 Codd.
1120 1295 1239 1342 Leidensis
1248 1292 1283 1348 ΙΙ,

198 1377 325 1428 Vossianus
343 1378 371 1436 Ι,
395 1374 582 1427 Burmanniaous
605 1375 651 1433 Il,
674 1374 711 1423 Ed
729 1375 803 1440 Rheg.
821 1378 845 1424 et
861 1375 952 1441 primae
967 1374 1019 1424 edd,
1040 1375 1140 1426 Venetae
1155 1392 1202 1444 pro
1218 1375 1284 1424 debito

197 1459 309 1524 praebent
325 1458 416 1508 dedita.
447 1457 548 1516 Occide,
571 1456 655 1523 quibus
674 1457 777 1522 Cynthia
793 1460 922 1507 amatorem
938 1457 1039 1506 retinere
1055 1457 1143 1516 voluit,
1161 1474 1235 1522 quum
1246 1456 1284 1519 jan

197 1540 263 1589 navis
279 1540 377 1590 deducta
393 1543 466 1599 esset¹
485 1542 554 1588 vento
572 1539 649 1588 dedita
665 1541 772 1598 fuerunt,
790 1540 814 1588 id
831 1541 866 1589 est
883 1555 955 1598 vana,
972 1539 1075 1588 aventis
1085 1539 1283 1605 dissipata‚rapts.

197 1623 238 1672 Ita
260 1622 316 1688 eleg.
339 1623 392 1672 XII
410 1621 463 1672 Lib.
481 1620 555 1670 Prin.
573 1638 596 1671 v.
613 1621 641 1671 8:
670 1621 793 1686 Quidquid
802 1621 936 1686 jurarunt,
953 1626 1038 1671 centur
1053 1625 1077 1671 et
1093 1623 1160 1671 undo
1178 1624 1283 1688 rapit5d

196 1703 221 1752 in
238 1703 267 1753 el.
284 1704 437 1771 pseudoprop.
456 1701 509 1752 Lib.
528 1703 578 1761 IV,
597 1703 625 1752 3:
638 1702 747 1768 fallacia
763 1704 834 1752 verta
850 1705 904 1752 Non
922 1703 1033 1754 acddcra‘
1050 1704 1174 1769 diripuere
1190 1704 1252 1754 Noti.

230 1793 270 1842 20.
310 1793 396 1843 Vetera
413 1791 493 1842 oblitis
503 1791 567 1857 jura
584 1795 648 1857 refer
665 1791 744 1843 ιοσιϊι.
769 1791 836 1841 Bello
853 1792 1017 1843 Mithridatico
1036 1792 1146 1857 Cyziceni
1163 1791 1280 1841 libertatem
1300 1811 1301 1858 p

196 1892 211 1925 a
233 1875 344 1925 Βοιιιιιιιίι
368 1877 496 1924 meruere.'
515 1874 559 1922 Dio
583 1873 679 1924 Cassius
704 1875 830 1924 memoriae
853 1874 957 1940 prodidit
979 1873 1010 1923 ob
1031 1873 1119 1923 civium
1138 1875 1282 1923 Romanorum

195 1959 288 2008 caedem
309 1956 338 2007 ab
359 1957 388 2006 iis
410 1959 527 2022 patrumm
544 1971 581 2005 an.
599 1956 779 2006 DCCXXXIII
797 1955 825 2006 ab
842 1959 950 2022 Augusto
967 1955 1077 2006 libertate
1091 1953 1200 2021 privatos
1214 1953 1282 2008 fuisse

193 2041 245 2091 ideo
268 2042 368 2090 Praetor
389 2055 443 2088 cum
466 2038 568 2089 exercitu
590 2038 676 2087 missus
699 2038 758 2097 fnit,
781 2038 821 2103 qni
842 2038 922 2088 oblitis
944 2039 1013 2087 sociis
1033 2038 1073 2101 jas
1096 2038 1204 2088 redderet
1220 2036 1282 2086 eodan

194 2123 263 2173 modo
284 2139 330 2188 qno
348 2125 401 2172 ante
417 2121 551 2170 libertatem
568 2123 700 2184 acceptam,
716 2119 762 2168 hoc
779 2122 816 2170 est
832 2120 951 2170 civitatem
968 2124 1059 2185 regeret
1074 2120 1180 2184 Augusti
1196 2117 1281 2169 nomine.

192 2207 320 2272 Perpersm
342 2204 448 2254 nonnulli
469 2203 606 2268 intelligunt
627 2203 656 2252 de
676 2202 785 2252 libertoto
809 2202 838 2252 ab
855 2202 907 2270 ipso
923 2205 1031 2267 Augusto
1049 2202 1172 2268 Cyzicenis
1189 2201 1300 2251 restitute¹

192 2303 230 2337 an.
247 2287 428 2336 DOCXXXIX.
457 2286 512 2336 Hoo
534 2287 599 2334 vetat
620 2299 672 2333 cum
696 2283 848 2349 chronologia
872 2285 1038 2350 Propertium,
1061 2289 1113 2334 turn
1129 2284 1205 2350 elegis
1221 2280 1281 2332 XXII

194 2368 245 2419 Idb.
263 2369 349 2428 Tertii,
367 2367 508 2433 quaerulis
525 2366 600 2416 sdhao
617 2366 698 2432 Cyzici
715 2366 814 2415 cessanti
830 2366 980 2424 inscribitur;
994 2365 1283 2433 vetatpraecipneLatinae

193 2451 287 2515 linguae
300 2450 440 2516 proprietas.
466 2451 531 2498 Nam
546 2449 592 2514 jus
613 2450 706 2514 referre
722 2449 818 2498 minime
835 2453 871 2499 est
887 2450 1021 2499 libertatem
1038 2450 1180 2509 restituere,
1203 2448 1240 2498 sed
1248 2447 1282 2511 jas

195 2532 286 2591 dicere,
309 2530 370 2597 qnod
392 2530 515 2596 proprium
538 2534 575 2580 est
596 2530 711 2596 praetoris
728 2529 839 2581 officium.
866 2533 948 2594 Neque
963 2530 1024 2580 socii
1039 2529 1172 2596 nuncupari
1188 2529 1282 2596 poterant

195 2613 289 2680 populi,
312 2611 396 2678 quibus
415 2611 511 2662 libertos
528 2612 635 2677 edernpta
650 2613 738 2673 inerat,
761 2628 836 2678 neque
859 2613 939 2663 otttttr
955 2611 1010 2661 fidei
1026 2611 1051 2660 in
1069 2611 1190 2661 Romanos
1207 2608 1282 2676 patriae

194 2694 256 2759 leges
278 2694 464 2743 restituerentur.
499 2694 568 2759 Quod
590 2694 610 2743 si
631 2695 716 2744 oblitos
733 2695 778 2745 elio
796 2710 864 2744 sensu
882 2696 985 2764 accipere
1001 2693 1072 2752 veiis¹
1091 2709 1138 2742 non
1155 2695 1218 2742 recte
1234 2691 1280 2740 Pro·

195 2769 284 2840 pentius
305 2774 401 2824 dixisset
423 2775 522 2825 oblitam
543 2777 627 2827 veteris
645 2777 706 2840 juris
730 2778 861 2838 civitatem,
884 2794 943 2843 quae
960 2793 1000 2827 sex
1016 2779 1110 2826 tantum
1126 2774 1213 2825 abhinc
1228 2767 1299 2823 annis

195 2855 326 2906 libertatem
342 2855 458 2907 amiserat.
476 2858 599 2908 Postremo
615 2858 730 2911 libertatis
747 2860 865 2910 restitutio
882 2859 979 2909 militiae
995 2859 1098 2925 pericula
1114 2874 1163 2908 non
1180 2871 1279 2926 praenun·
1298 2847 1299 2888 ἕ

193 2937 249 2996 tint,
267 2937 296 2988 de
313 2937 397 3003 quibus
410 2939 491 2990 deinde
504 2941 589 3006 agitur.

226 3021 267 3071 24.
302 3020 376 3071 Codd.
402 3021 483 3072 omnia
507 3028 563 3073 cota
588 3023 769 3087 (Menteliannsr
797 3024 882 3075 ultima
906 3027 985 3086 coto);
1012 3040 1039 3074 ea
1060 3025 1139 3074 omnis
1157 3023 1220 3074 mala
1234 3035 1280 3086 quoe

194 3100 315 3152 scribendo
338 3105 362 3153 et
383 3101 526 3154 lacrimando
547 3106 678 3154 notateci.
713 3105 841 3156 verisimili
858 3106 991 3170 conjectura
1006 3105 1116 3156 Jacobius
1132 3103 1277 3173 proponebat:

193 3183 301 3234 mamis
317 3186 351 3234 at
367 3187 433 3235 mola
448 3191 507 3236 nota
523 3187 588 3236 meis

226 3264 267 3315 32.
301 3267 395 3326 Arato,
413 3283 495 3333 agros,
513 3273 578 3329 sate,
596 3267 668 3319 culta
701 3270 775 3320 Grou
792 3275 886 3320 aratra.

225 3344 266 3396 34.
302 3347 375 3398 Codd
400 3349 492 3414 &cepti
514 3366 572 3416 pars
596 3352 644 3402 erto
669 3350 769 3417 imperii.
805 3351 878 3401 Ulcus
901 3353 970 3402 inest.
1005 3353 1030 3402 si
1052 3351 1135 3402 Pullus
1157 3305 1298 3402 liberteteni

192 3427 311 3479 sublatam
333 3429 483 3490 mittebatur,
507 3437 629 3498 acceptum
651 3448 699 3482 non
720 3435 771 3484 erat
788 3433 838 3498 ejas
854 3434 991 3501 imperinm
1016 3435 1053 3485 sin
1069 3435 1276 3498 restitimus

191 3526 238 3560 non
253 3511 359 3563 fuisset
351 3513 457 3578 imperii,
475 3515 537 3578 qnod
555 3515 644 3564 civibus
660 3515 770 3566 reddebat
759 3521 807 3566 tur.
825 3518 937 3566 Heinsius
951 3518 1075 3584 proposuit
1088 3519 1187 3577 arseni,
1202 3515 1276 3566 scilioti

191 3591 221 3642 ab
246 3595 366 3658 Augueto;
392 3595 466 3659 qnod,
493 3595 549 3646 dum
571 3598 710 3664 Propertius
732 3598 829 3665 elegiam
851 3598 973 3658 exarabat,
997 3599 1104 3650 omnibns
1127 3602 1210 3650 notum
1229 3597 1274 3646 erat

193 3674 319 3726 Paidamns
336 3675 434 3740 conjecit
450 3683 475 3730 et
491 3680 596 3745 Aupusti
606 3697 653 3746 par
667 3681 714 3732 cris
728 3681 848 3748 imperita
863 3698 900 3732 cin
893 3682 972 3732 favo
961 3681 1074 3733 t.21t1v.
1085 3681 1153 3732 XIII
1163 3681 1214 3734 Inb
1222 3677 1297 3730 nea

190 3763 215 3810 rt
230 3757 335 3827 depasti
344 3759 467 3826 sortia'
444 3777 514 3827 etym
530 3763 604 3828 requi.
