<?xml version="1.0" encoding="UTF-8"?>
<!DOCTYPE html PUBLIC "-//W3C//DTD XHTML 1.0 Transitional//EN"
    "http://www.w3.org/TR/xhtml1/DTD/xhtml1-transitional.dtd">
<html xmlns="http://www.w3.org/1999/xhtml" xml:lang="en" lang="en">
 <head>
  <title>
</title>
<meta http-equiv="Content-Type" content="text/html;charset=utf-8" />
  <meta name='ocr-system' content='tesseract 3.04.00' />
  <meta name='ocr-capabilities' content='ocr_page ocr_carea ocr_par ocr_line ocrx_word'/>
</head>
<body>
  <div class='ocr_page' id='page_1' title='image "./cynthiacumlibro00carugoog_0156.png"; bbox 0 0 2624 4398; ppageno 0'>
   <div class='ocr_carea' id='block_1_1' title="bbox 614 343 651 402">
    <p class='ocr_par' dir='ltr' id='par_1_1' title="bbox 614 343 651 402">
     <span class='ocr_line' id='line_1_1' title="bbox 614 343 651 402; baseline 0 0"><span class='ocrx_word' id='word_1_1' title='bbox 614 343 651 402; x_wconf 84' lang='grc'>87</span> 
     </span>
    </p>
   </div>
   <div class='ocr_carea' id='block_1_2' title="bbox 425 573 839 644">
    <p class='ocr_par' dir='ltr' id='par_1_2' title="bbox 425 573 839 644">
     <span class='ocr_line' id='line_1_2' title="bbox 425 573 839 644; baseline 0.002 -2"><span class='ocrx_word' id='word_1_2' title='bbox 425 573 700 643; x_wconf 79' lang='lat' dir='ltr'><strong>ELEGIA</strong></span> <span class='ocrx_word' id='word_1_3' title='bbox 744 573 839 644; x_wconf 89' lang='lat' dir='ltr'><strong>XIII.</strong></span> 
     </span>
    </p>
   </div>
   <div class='ocr_carea' id='block_1_3' title="bbox 335 732 937 924">
    <p class='ocr_par' dir='ltr' id='par_1_3' title="bbox 335 732 937 924">
     <span class='ocr_line' id='line_1_3' title="bbox 515 732 744 782; baseline 0.013 -3"><span class='ocrx_word' id='word_1_4' title='bbox 515 733 571 780; x_wconf 71' lang='lat' dir='ltr'>DE</span> <span class='ocrx_word' id='word_1_5' title='bbox 596 732 744 782; x_wconf 70' lang='lat' dir='ltr'><strong>AMORE.</strong></span> 
     </span>
     <span class='ocr_line' id='line_1_4' title="bbox 335 855 937 924; baseline 0.007 -18"><span class='ocrx_word' id='word_1_6' title='bbox 335 855 418 918; x_wconf 77' lang='lat' dir='ltr'>(codd.</span> <span class='ocrx_word' id='word_1_7' title='bbox 436 857 481 917; x_wconf 79' lang='lat'>12,</span> <span class='ocrx_word' id='word_1_8' title='bbox 499 857 583 908; x_wconf 85' lang='lat' dir='ltr'>Burm.</span> <span class='ocrx_word' id='word_1_9' title='bbox 600 858 631 918; x_wconf 86' lang='grc'>9,</span> <span class='ocrx_word' id='word_1_10' title='bbox 650 859 694 918; x_wconf 76' lang='lat' dir='ltr'>II3</span> <span class='ocrx_word' id='word_1_11' title='bbox 711 858 810 909; x_wconf 81' lang='lat' dir='ltr'>Leohm.</span> <span class='ocrx_word' id='word_1_12' title='bbox 827 859 856 920; x_wconf 80' lang='lat'>2,</span> <span class='ocrx_word' id='word_1_13' title='bbox 875 859 937 924; x_wconf 83' lang='lat'><em>111.)</em></span> 
     </span>
    </p>
   </div>
   <div class='ocr_carea' id='block_1_4' title="bbox 91 991 1151 1141">
    <p class='ocr_par' dir='ltr' id='par_1_4' title="bbox 91 991 1151 1141">
     <span class='ocr_line' id='line_1_5' title="bbox 91 991 1151 1060; baseline 0.003 -18"><span class='ocrx_word' id='word_1_14' title='bbox 91 993 135 1042; x_wconf 89' lang='lat' dir='ltr'>In</span> <span class='ocrx_word' id='word_1_15' title='bbox 147 991 322 1044; x_wconf 84' lang='lat' dir='ltr'>venustissimo</span> <span class='ocrx_word' id='word_1_16' title='bbox 331 993 432 1044; x_wconf 81' lang='lat' dir='ltr'>sermine</span> <span class='ocrx_word' id='word_1_17' title='bbox 441 993 569 1044; x_wconf 74' lang='lat' dir='ltr'><strong>aemulatus</strong></span> <span class='ocrx_word' id='word_1_18' title='bbox 577 995 613 1044; x_wconf 85' lang='lat' dir='ltr'>est</span> <span class='ocrx_word' id='word_1_19' title='bbox 620 991 727 1059; x_wconf 83' lang='lat' dir='ltr'>idyllium</span> <span class='ocrx_word' id='word_1_20' title='bbox 735 993 840 1060; x_wconf 85' lang='lat' dir='ltr'>primum</span> <span class='ocrx_word' id='word_1_21' title='bbox 848 992 955 1055; x_wconf 77' lang='lat' dir='ltr'>Moschi,</span> <span class='ocrx_word' id='word_1_22' title='bbox 964 993 1025 1058; x_wconf 90' lang='lat' dir='ltr'>qnod</span> <span class='ocrx_word' id='word_1_23' title='bbox 1034 993 1151 1060; x_wconf 70' lang='lat' dir='ltr'><strong>eleganter</strong></span> 
     </span>
     <span class='ocr_line' id='line_1_6' title="bbox 416 1074 857 1141; baseline -0.005 -15"><span class='ocrx_word' id='word_1_24' title='bbox 416 1074 489 1126; x_wconf 83' lang='lat' dir='ltr'>letius</span> <span class='ocrx_word' id='word_1_25' title='bbox 505 1075 578 1126; x_wconf 84' lang='lat' dir='ltr'><strong>vertit</strong></span> <span class='ocrx_word' id='word_1_26' title='bbox 594 1074 700 1141; x_wconf 80' lang='lat' dir='ltr'>Angelus</span> <span class='ocrx_word' id='word_1_27' title='bbox 717 1075 857 1125; x_wconf 84' lang='lat' dir='ltr'>Politienus.</span> 
     </span>
    </p>
   </div>
   <div class='ocr_carea' id='block_1_5' title="bbox 203 1198 1189 3661">
    <p class='ocr_par' dir='ltr' id='par_1_5' title="bbox 203 1198 1189 3661">
     <span class='ocr_line' id='line_1_7' title="bbox 204 1198 1056 1292; baseline 0 -20"><span class='ocrx_word' id='word_1_28' title='bbox 204 1209 379 1289; x_wconf 78' lang='lat' dir='ltr'>Quicunque</span> <span class='ocrx_word' id='word_1_29' title='bbox 400 1213 452 1274; x_wconf 93' lang='lat' dir='ltr'>ille</span> <span class='ocrx_word' id='word_1_30' title='bbox 472 1211 544 1292; x_wconf 83' lang='lat' dir='ltr'>fuit,</span> <span class='ocrx_word' id='word_1_31' title='bbox 565 1229 690 1292; x_wconf 89' lang='lat' dir='ltr'>puemm</span> <span class='ocrx_word' id='word_1_32' title='bbox 711 1211 763 1289; x_wconf 91' lang='lat' dir='ltr'>qui</span> <span class='ocrx_word' id='word_1_33' title='bbox 782 1209 880 1289; x_wconf 82' lang='lat' dir='ltr'><strong>pinxit</strong></span> <span class='ocrx_word' id='word_1_34' title='bbox 900 1198 1056 1290; x_wconf 83' lang='lat' dir='ltr'>Amorem,</span> 
     </span>
     <span class='ocr_line' id='line_1_8' title="bbox 243 1313 977 1392; baseline 0 -18"><span class='ocrx_word' id='word_1_35' title='bbox 243 1314 349 1376; x_wconf 81' lang='lat' dir='ltr'><strong>Nonne</strong></span> <span class='ocrx_word' id='word_1_36' title='bbox 369 1318 457 1392; x_wconf 88' lang='lat' dir='ltr'>putes</span> <span class='ocrx_word' id='word_1_37' title='bbox 477 1316 568 1375; x_wconf 83' lang='lat' dir='ltr'>miros</span> <span class='ocrx_word' id='word_1_38' title='bbox 588 1314 666 1374; x_wconf 93' lang='lat' dir='ltr'>huno</span> <span class='ocrx_word' id='word_1_39' title='bbox 686 1313 828 1375; x_wconf 80' lang='lat' dir='ltr'>habuisse</span> <span class='ocrx_word' id='word_1_40' title='bbox 847 1313 977 1374; x_wconf 82' lang='lat' dir='ltr'>menos?</span> 
     </span>
     <span class='ocr_line' id='line_1_9' title="bbox 204 1416 989 1496; baseline -0.001 -19"><span class='ocrx_word' id='word_1_41' title='bbox 204 1417 261 1477; x_wconf 90' lang='lat' dir='ltr'>Hie</span> <span class='ocrx_word' id='word_1_42' title='bbox 280 1418 407 1496; x_wconf 86' lang='lat' dir='ltr'>primum</span> <span class='ocrx_word' id='word_1_43' title='bbox 427 1418 504 1478; x_wconf 84' lang='lat' dir='ltr'><strong>vidit</strong></span> <span class='ocrx_word' id='word_1_44' title='bbox 523 1418 588 1478; x_wconf 91' lang='lat' dir='ltr'>sine</span> <span class='ocrx_word' id='word_1_45' title='bbox 609 1434 698 1477; x_wconf 89' lang='lat' dir='ltr'>sensu</span> <span class='ocrx_word' id='word_1_46' title='bbox 718 1416 820 1477; x_wconf 85' lang='lat' dir='ltr'>vivere</span> <span class='ocrx_word' id='word_1_47' title='bbox 841 1419 989 1495; x_wconf 85' lang='lat' dir='ltr'>ementes,</span> 
     </span>
     <span class='ocr_line' id='line_1_10' title="bbox 244 1518 872 1597; baseline -0.003 -17"><span class='ocrx_word' id='word_1_48' title='bbox 244 1519 284 1580; x_wconf 82' lang='lat' dir='ltr'>Et</span> <span class='ocrx_word' id='word_1_49' title='bbox 304 1520 419 1580; x_wconf 87' lang='lat' dir='ltr'>levibus</span> <span class='ocrx_word' id='word_1_50' title='bbox 439 1520 518 1581; x_wconf 87' lang='lat' dir='ltr'>euris</span> <span class='ocrx_word' id='word_1_51' title='bbox 538 1537 647 1597; x_wconf 80' lang='lat' dir='ltr'>magne</span> <span class='ocrx_word' id='word_1_52' title='bbox 667 1519 764 1597; x_wconf 86' lang='lat' dir='ltr'>perire</span> <span class='ocrx_word' id='word_1_53' title='bbox 784 1518 872 1580; x_wconf 84' lang='lat' dir='ltr'>bone.</span> 
     </span>
     <span class='ocr_line' id='line_1_11' title="bbox 205 1621 893 1701; baseline 0 -20"><span class='ocrx_word' id='word_1_54' title='bbox 205 1621 289 1684; x_wconf 82' lang='lat' dir='ltr'><strong>Idem</strong></span> <span class='ocrx_word' id='word_1_55' title='bbox 309 1642 368 1684; x_wconf 91' lang='lat' dir='ltr'>non</span> <span class='ocrx_word' id='word_1_56' title='bbox 386 1623 495 1684; x_wconf 83' lang='lat' dir='ltr'>frustra</span> <span class='ocrx_word' id='word_1_57' title='bbox 515 1627 654 1684; x_wconf 81' lang='lat' dir='ltr'>ventosas</span> <span class='ocrx_word' id='word_1_58' title='bbox 675 1621 792 1682; x_wconf 80' lang='lat' dir='ltr'><strong>addidit</strong></span> <span class='ocrx_word' id='word_1_59' title='bbox 811 1622 893 1701; x_wconf 87' lang='lat' dir='ltr'>eles,</span> 
     </span>
     <span class='ocr_line' id='line_1_12' title="bbox 243 1723 884 1788; baseline -0.003 -2"><span class='ocrx_word' id='word_1_60' title='bbox 243 1725 331 1787; x_wconf 81' lang='lat' dir='ltr'><strong>Fecit</strong></span> <span class='ocrx_word' id='word_1_61' title='bbox 351 1730 381 1787; x_wconf 89' lang='lat' dir='ltr'>et</span> <span class='ocrx_word' id='word_1_62' title='bbox 400 1726 529 1788; x_wconf 89' lang='lat' dir='ltr'>humeno</span> <span class='ocrx_word' id='word_1_63' title='bbox 549 1725 637 1788; x_wconf 85' lang='lat' dir='ltr'>eorde</span> <span class='ocrx_word' id='word_1_64' title='bbox 657 1725 759 1786; x_wconf 85' lang='lat' dir='ltr'>volere</span> <span class='ocrx_word' id='word_1_65' title='bbox 780 1723 884 1784; x_wconf 87' lang='lat' dir='ltr'>deum:</span> 
     </span>
     <span class='ocr_line' id='line_1_13' title="bbox 206 1827 957 1908; baseline 0 -20"><span class='ocrx_word' id='word_1_66' title='bbox 206 1827 328 1890; x_wconf 81' lang='lat' dir='ltr'>Seilioet</span> <span class='ocrx_word' id='word_1_67' title='bbox 348 1831 464 1891; x_wconf 84' lang='lat' dir='ltr'>alterne</span> <span class='ocrx_word' id='word_1_68' title='bbox 483 1830 621 1908; x_wconf 83' lang='lat' dir='ltr'>qnoniam</span> <span class='ocrx_word' id='word_1_69' title='bbox 638 1830 788 1907; x_wconf 88' lang='lat' dir='ltr'>jeotemur</span> <span class='ocrx_word' id='word_1_70' title='bbox 808 1829 841 1888; x_wconf 91' lang='lat' dir='ltr'>in</span> <span class='ocrx_word' id='word_1_71' title='bbox 860 1828 957 1906; x_wconf 87' lang='lat' dir='ltr'>unde,</span> 
     </span>
     <span class='ocr_line' id='line_1_14' title="bbox 244 1930 952 2011; baseline -0.004 -18"><span class='ocrx_word' id='word_1_72' title='bbox 244 1932 414 2011; x_wconf 79' lang='lat' dir='ltr'>Nostraque</span> <span class='ocrx_word' id='word_1_73' title='bbox 434 1952 492 1994; x_wconf 92' lang='lat' dir='ltr'>non</span> <span class='ocrx_word' id='word_1_74' title='bbox 512 1933 582 1994; x_wconf 91' lang='lat' dir='ltr'>ullis</span> <span class='ocrx_word' id='word_1_75' title='bbox 602 1935 757 2009; x_wconf 86' lang='lat' dir='ltr'>permanet</span> <span class='ocrx_word' id='word_1_76' title='bbox 777 1949 850 1991; x_wconf 87' lang='lat' dir='ltr'>eure</span> <span class='ocrx_word' id='word_1_77' title='bbox 869 1930 952 1992; x_wconf 84' lang='lat' dir='ltr'>loeis.</span> 
     </span>
     <span class='ocr_line' id='line_1_15' title="bbox 203 2035 999 2115; baseline 0.003 -20"><span class='ocrx_word' id='word_1_78' title='bbox 203 2035 245 2095; x_wconf 84' lang='lat' dir='ltr'>Et</span> <span class='ocrx_word' id='word_1_79' title='bbox 265 2037 369 2098; x_wconf 87' lang='lat' dir='ltr'>merito</span> <span class='ocrx_word' id='word_1_80' title='bbox 388 2037 517 2100; x_wconf 86' lang='lat' dir='ltr'>hemetis</span> <span class='ocrx_word' id='word_1_81' title='bbox 537 2055 642 2098; x_wconf 82' lang='lat' dir='ltr'>manus</span> <span class='ocrx_word' id='word_1_82' title='bbox 664 2040 709 2098; x_wconf 84' lang='lat' dir='ltr'>est</span> <span class='ocrx_word' id='word_1_83' title='bbox 730 2040 844 2096; x_wconf 84' lang='lat' dir='ltr'>armeta</span> <span class='ocrx_word' id='word_1_84' title='bbox 864 2036 999 2115; x_wconf 78' lang='lat' dir='ltr'>sagittis,</span> 
     </span>
     <span class='ocr_line' id='line_1_16' title="bbox 245 2138 1184 2220; baseline 0.004 -22"><span class='ocrx_word' id='word_1_85' title='bbox 245 2138 285 2199; x_wconf 83' lang='lat' dir='ltr'>Et</span> <span class='ocrx_word' id='word_1_86' title='bbox 303 2140 444 2220; x_wconf 81' lang='lat' dir='ltr'>pheretro</span> <span class='ocrx_word' id='word_1_87' title='bbox 464 2159 502 2202; x_wconf 84' lang='lat' dir='ltr'>ex</span> <span class='ocrx_word' id='word_1_88' title='bbox 521 2141 643 2202; x_wconf 89' lang='lat' dir='ltr'>humero</span> <span class='ocrx_word' id='word_1_89' title='bbox 664 2139 777 2200; x_wconf 79' lang='lat' dir='ltr'>Gnosio</span> <span class='ocrx_word' id='word_1_90' title='bbox 797 2144 922 2215; x_wconf 83' lang='lat' dir='ltr'>utroque</span> <span class='ocrx_word' id='word_1_91' title='bbox 938 2139 1030 2216; x_wconf 83' lang='lat' dir='ltr'>jeoet.</span> <span class='ocrx_word' id='word_1_92' title='bbox 1145 2145 1184 2202; x_wconf 93' lang='lat'>10</span> 
     </span>
     <span class='ocr_line' id='line_1_17' title="bbox 203 2239 1053 2323; baseline 0 -22"><span class='ocrx_word' id='word_1_93' title='bbox 203 2240 284 2302; x_wconf 89' lang='lat' dir='ltr'>Ante</span> <span class='ocrx_word' id='word_1_94' title='bbox 303 2241 372 2304; x_wconf 84' lang='lat' dir='ltr'><strong>ferit</strong></span> <span class='ocrx_word' id='word_1_95' title='bbox 392 2245 546 2323; x_wconf 85' lang='lat' dir='ltr'>quoniam,</span> <span class='ocrx_word' id='word_1_96' title='bbox 567 2243 625 2304; x_wconf 89' lang='lat' dir='ltr'>tuti</span> <span class='ocrx_word' id='word_1_97' title='bbox 645 2261 734 2320; x_wconf 89' lang='lat' dir='ltr'>quem</span> <span class='ocrx_word' id='word_1_98' title='bbox 755 2245 900 2302; x_wconf 82' lang='lat' dir='ltr'>cernimus</span> <span class='ocrx_word' id='word_1_99' title='bbox 921 2239 1053 2320; x_wconf 86' lang='lat' dir='ltr'>hostem,</span> 
     </span>
     <span class='ocr_line' id='line_1_18' title="bbox 245 2343 963 2425; baseline -0.007 -18"><span class='ocrx_word' id='word_1_100' title='bbox 245 2347 310 2409; x_wconf 89' lang='lat' dir='ltr'>Neo</span> <span class='ocrx_word' id='word_1_101' title='bbox 329 2349 485 2425; x_wconf 84' lang='lat' dir='ltr'>quisquam</span> <span class='ocrx_word' id='word_1_102' title='bbox 508 2367 546 2408; x_wconf 91' lang='lat' dir='ltr'>ex</span> <span class='ocrx_word' id='word_1_103' title='bbox 566 2348 618 2409; x_wconf 90' lang='lat' dir='ltr'>illo</span> <span class='ocrx_word' id='word_1_104' title='bbox 638 2347 760 2408; x_wconf 87' lang='lat' dir='ltr'>vulnere</span> <span class='ocrx_word' id='word_1_105' title='bbox 781 2361 870 2406; x_wconf 85' lang='lat' dir='ltr'>sanus</span> <span class='ocrx_word' id='word_1_106' title='bbox 891 2343 963 2403; x_wconf 84' lang='lat' dir='ltr'>ebit.</span> 
     </span>
     <span class='ocr_line' id='line_1_19' title="bbox 204 2446 993 2538; baseline -0.005 -29"><span class='ocrx_word' id='word_1_107' title='bbox 204 2449 241 2508; x_wconf 92' lang='lat' dir='ltr'>In</span> <span class='ocrx_word' id='word_1_108' title='bbox 261 2468 308 2510; x_wconf 91' lang='lat' dir='ltr'>me</span> <span class='ocrx_word' id='word_1_109' title='bbox 328 2451 390 2511; x_wconf 87' lang='lat' dir='ltr'>tole</span> <span class='ocrx_word' id='word_1_110' title='bbox 409 2454 546 2529; x_wconf 84' lang='lat' dir='ltr'>manent,</span> <span class='ocrx_word' id='word_1_111' title='bbox 566 2453 666 2511; x_wconf 86' lang='lat' dir='ltr'>menet</span> <span class='ocrx_word' id='word_1_112' title='bbox 686 2452 717 2509; x_wconf 88' lang='lat' dir='ltr'>et</span> <span class='ocrx_word' id='word_1_113' title='bbox 736 2447 859 2538; x_wconf 87' lang='lat' dir='ltr'>puerilis</span> <span class='ocrx_word' id='word_1_114' title='bbox 880 2446 993 2525; x_wconf 79' lang='lat' dir='ltr'>imago,</span> 
     </span>
     <span class='ocr_line' id='line_1_20' title="bbox 247 2551 865 2632; baseline -0.005 -19"><span class='ocrx_word' id='word_1_115' title='bbox 247 2551 307 2614; x_wconf 83' lang='lat' dir='ltr'>Sed</span> <span class='ocrx_word' id='word_1_116' title='bbox 327 2558 407 2615; x_wconf 86' lang='lat' dir='ltr'>sorte</span> <span class='ocrx_word' id='word_1_117' title='bbox 427 2571 541 2632; x_wconf 81' lang='lat' dir='ltr'>pennus</span> <span class='ocrx_word' id='word_1_118' title='bbox 561 2553 692 2631; x_wconf 85' lang='lat' dir='ltr'>perdidit</span> <span class='ocrx_word' id='word_1_119' title='bbox 712 2553 764 2613; x_wconf 92' lang='lat' dir='ltr'>ille</span> <span class='ocrx_word' id='word_1_120' title='bbox 785 2567 865 2612; x_wconf 85' lang='lat' dir='ltr'>suas.</span> 
     </span>
     <span class='ocr_line' id='line_1_21' title="bbox 206 2653 1185 2732; baseline -0.002 -18"><span class='ocrx_word' id='word_1_121' title='bbox 206 2653 316 2716; x_wconf 77' lang='lat' dir='ltr'>Evolat</span> <span class='ocrx_word' id='word_1_122' title='bbox 336 2655 395 2718; x_wconf 91' lang='lat' dir='ltr'>heu</span> <span class='ocrx_word' id='word_1_123' title='bbox 414 2661 513 2718; x_wconf 87' lang='lat' dir='ltr'>nostro</span> <span class='ocrx_word' id='word_1_124' title='bbox 534 2656 673 2732; x_wconf 81' lang='lat' dir='ltr'>qnoniam</span> <span class='ocrx_word' id='word_1_125' title='bbox 694 2655 731 2716; x_wconf 91' lang='lat' dir='ltr'>de</span> <span class='ocrx_word' id='word_1_126' title='bbox 752 2657 871 2732; x_wconf 84' lang='lat' dir='ltr'>pectore</span> <span class='ocrx_word' id='word_1_127' title='bbox 891 2668 1053 2730; x_wconf 84' lang='lat' dir='ltr'>nusquam,</span> <span class='ocrx_word' id='word_1_128' title='bbox 1146 2653 1185 2712; x_wconf 80' lang='lat'>15</span> 
     </span>
     <span class='ocr_line' id='line_1_22' title="bbox 247 2754 909 2837; baseline -0.003 -21"><span class='ocrx_word' id='word_1_129' title='bbox 247 2754 452 2837; x_wconf 85' lang='lat' dir='ltr'>Assiduusque</span> <span class='ocrx_word' id='word_1_130' title='bbox 472 2778 538 2821; x_wconf 92' lang='lat' dir='ltr'>meo</span> <span class='ocrx_word' id='word_1_131' title='bbox 558 2759 702 2834; x_wconf 82' lang='lat' dir='ltr'>sanguine</span> <span class='ocrx_word' id='word_1_132' title='bbox 723 2757 803 2819; x_wconf 87' lang='lat' dir='ltr'>belle</span> <span class='ocrx_word' id='word_1_133' title='bbox 823 2754 909 2832; x_wconf 82' lang='lat' dir='ltr'>gerit</span> 
     </span>
     <span class='ocr_line' id='line_1_23' title="bbox 207 2855 990 2939; baseline -0.005 -20"><span class='ocrx_word' id='word_1_134' title='bbox 207 2857 288 2932; x_wconf 81' lang='lat' dir='ltr'>Quid</span> <span class='ocrx_word' id='word_1_135' title='bbox 307 2861 364 2921; x_wconf 89' lang='lat' dir='ltr'><strong>tibi</strong></span> <span class='ocrx_word' id='word_1_136' title='bbox 379 2861 543 2939; x_wconf 89' lang='lat' dir='ltr'>juoundum</span> <span class='ocrx_word' id='word_1_137' title='bbox 563 2861 650 2921; x_wconf 91' lang='lat' dir='ltr'>sioois</span> <span class='ocrx_word' id='word_1_138' title='bbox 671 2859 807 2920; x_wconf 80' lang='lat' dir='ltr'>habitere</span> <span class='ocrx_word' id='word_1_139' title='bbox 827 2855 990 2918; x_wconf 80' lang='lat' dir='ltr'>medullis?</span> 
     </span>
     <span class='ocr_line' id='line_1_24' title="bbox 249 2961 845 3044; baseline 0.002 -23"><span class='ocrx_word' id='word_1_140' title='bbox 249 2961 282 3022; x_wconf 82' lang='lat' dir='ltr'>Si</span> <span class='ocrx_word' id='word_1_141' title='bbox 301 2964 396 3041; x_wconf 87' lang='lat' dir='ltr'>pudor</span> <span class='ocrx_word' id='word_1_142' title='bbox 416 2969 477 3044; x_wconf 90' lang='lat' dir='ltr'>est,</span> <span class='ocrx_word' id='word_1_143' title='bbox 499 2965 558 3026; x_wconf 87' lang='lat' dir='ltr'>elio</span> <span class='ocrx_word' id='word_1_144' title='bbox 579 2963 683 3042; x_wconf 89' lang='lat' dir='ltr'>trejioe</span> <span class='ocrx_word' id='word_1_145' title='bbox 703 2963 764 3023; x_wconf 85' lang='lat' dir='ltr'>tela</span> <span class='ocrx_word' id='word_1_146' title='bbox 784 2966 845 3023; x_wconf 86' lang='lat' dir='ltr'>tue.</span> 
     </span>
     <span class='ocr_line' id='line_1_25' title="bbox 209 3065 816 3128; baseline 0 -4"><span class='ocrx_word' id='word_1_147' title='bbox 209 3065 340 3127; x_wconf 78' lang='lat' dir='ltr'>Intentos</span> <span class='ocrx_word' id='word_1_148' title='bbox 360 3067 418 3128; x_wconf 88' lang='lat' dir='ltr'>isto</span> <span class='ocrx_word' id='word_1_149' title='bbox 438 3067 533 3128; x_wconf 89' lang='lat' dir='ltr'>setius</span> <span class='ocrx_word' id='word_1_150' title='bbox 553 3071 669 3128; x_wconf 81' lang='lat' dir='ltr'>tentore</span> <span class='ocrx_word' id='word_1_151' title='bbox 689 3083 816 3126; x_wconf 87' lang='lat' dir='ltr'>veneno:</span> 
     </span>
     <span class='ocr_line' id='line_1_26' title="bbox 247 3163 1189 3250; baseline -0.005 -21"><span class='ocrx_word' id='word_1_152' title='bbox 247 3169 317 3230; x_wconf 90' lang='lat' dir='ltr'>Non</span> <span class='ocrx_word' id='word_1_153' title='bbox 337 3188 407 3250; x_wconf 87' lang='lat' dir='ltr'>ego,</span> <span class='ocrx_word' id='word_1_154' title='bbox 429 3172 482 3231; x_wconf 91' lang='lat' dir='ltr'>sed</span> <span class='ocrx_word' id='word_1_155' title='bbox 503 3171 600 3232; x_wconf 87' lang='lat' dir='ltr'>tenuis</span> <span class='ocrx_word' id='word_1_156' title='bbox 621 3170 744 3248; x_wconf 86' lang='lat' dir='ltr'>vapulet</span> <span class='ocrx_word' id='word_1_157' title='bbox 763 3168 867 3229; x_wconf 88' lang='lat' dir='ltr'>umbre</span> <span class='ocrx_word' id='word_1_158' title='bbox 887 3165 956 3227; x_wconf 91' lang='lat' dir='ltr'>mei.</span> <span class='ocrx_word' id='word_1_159' title='bbox 1046 3189 1048 3194; x_wconf 60' lang='grc'>’</span> <span class='ocrx_word' id='word_1_160' title='bbox 1148 3163 1189 3224; x_wconf 83' lang='grc'>20</span> 
     </span>
     <span class='ocr_line' id='line_1_27' title="bbox 207 3266 1049 3350; baseline -0.006 -19"><span class='ocrx_word' id='word_1_161' title='bbox 207 3271 304 3346; x_wconf 81' lang='lat' dir='ltr'>Quem</span> <span class='ocrx_word' id='word_1_162' title='bbox 324 3270 351 3331; x_wconf 92' lang='lat' dir='ltr'>si</span> <span class='ocrx_word' id='word_1_163' title='bbox 371 3271 553 3350; x_wconf 88' lang='lat' dir='ltr'>perdideris,</span> <span class='ocrx_word' id='word_1_164' title='bbox 575 3271 642 3348; x_wconf 91' lang='lat' dir='ltr'>quis</span> <span class='ocrx_word' id='word_1_165' title='bbox 665 3272 737 3349; x_wconf 86' lang='lat' dir='ltr'>erit,</span> <span class='ocrx_word' id='word_1_166' title='bbox 759 3270 811 3346; x_wconf 92' lang='lat' dir='ltr'>qui</span> <span class='ocrx_word' id='word_1_167' title='bbox 831 3268 905 3330; x_wconf 83' lang='lat' dir='ltr'>talia</span> <span class='ocrx_word' id='word_1_168' title='bbox 925 3266 1049 3348; x_wconf 73' lang='lat' dir='ltr'>suntet?</span> 
     </span>
     <span class='ocr_line' id='line_1_28' title="bbox 249 3374 1036 3454; baseline -0.005 -20"><span class='ocrx_word' id='word_1_169' title='bbox 249 3374 333 3435; x_wconf 83' lang='lat' dir='ltr'>Haeo</span> <span class='ocrx_word' id='word_1_170' title='bbox 353 3393 420 3434; x_wconf 87' lang='lat' dir='ltr'>mee</span> <span class='ocrx_word' id='word_1_171' title='bbox 440 3375 526 3436; x_wconf 89' lang='lat' dir='ltr'>Musa</span> <span class='ocrx_word' id='word_1_172' title='bbox 546 3376 639 3454; x_wconf 83' lang='lat' dir='ltr'>levis,</span> <span class='ocrx_word' id='word_1_173' title='bbox 660 3375 756 3452; x_wconf 86' lang='lat' dir='ltr'>glorie</span> <span class='ocrx_word' id='word_1_174' title='bbox 776 3391 884 3450; x_wconf 82' lang='lat' dir='ltr'>magne</span> <span class='ocrx_word' id='word_1_175' title='bbox 904 3376 956 3432; x_wconf 86' lang='lat' dir='ltr'>tue</span> <span class='ocrx_word' id='word_1_176' title='bbox 976 3374 1036 3450; x_wconf 82' lang='lat' dir='ltr'>est3</span> 
     </span>
     <span class='ocr_line' id='line_1_29' title="bbox 207 3475 1063 3558; baseline -0.002 -20"><span class='ocrx_word' id='word_1_177' title='bbox 207 3477 293 3552; x_wconf 81' lang='lat' dir='ltr'>Quae</span> <span class='ocrx_word' id='word_1_178' title='bbox 315 3483 418 3558; x_wconf 84' lang='lat' dir='ltr'>ceput,</span> <span class='ocrx_word' id='word_1_179' title='bbox 440 3483 470 3539; x_wconf 89' lang='lat' dir='ltr'>et</span> <span class='ocrx_word' id='word_1_180' title='bbox 491 3478 616 3558; x_wconf 82' lang='lat' dir='ltr'>digitos,</span> <span class='ocrx_word' id='word_1_181' title='bbox 639 3483 668 3540; x_wconf 92' lang='lat' dir='ltr'>et</span> <span class='ocrx_word' id='word_1_182' title='bbox 689 3478 801 3539; x_wconf 86' lang='lat' dir='ltr'>lumine</span> <span class='ocrx_word' id='word_1_183' title='bbox 821 3478 907 3552; x_wconf 83' lang='lat' dir='ltr'>nigre</span> <span class='ocrx_word' id='word_1_184' title='bbox 927 3475 1063 3554; x_wconf 83' lang='lat' dir='ltr'>puellae,</span> 
     </span>
     <span class='ocr_line' id='line_1_30' title="bbox 251 3582 913 3661; baseline -0.002 -20"><span class='ocrx_word' id='word_1_185' title='bbox 251 3582 292 3642; x_wconf 83' lang='lat' dir='ltr'>Et</span> <span class='ocrx_word' id='word_1_186' title='bbox 312 3582 392 3643; x_wconf 81' lang='lat' dir='ltr'>osuit</span> <span class='ocrx_word' id='word_1_187' title='bbox 412 3587 446 3644; x_wconf 85' lang='lat' dir='ltr'>ut</span> <span class='ocrx_word' id='word_1_188' title='bbox 465 3584 580 3644; x_wconf 84' lang='lat' dir='ltr'>soleant</span> <span class='ocrx_word' id='word_1_189' title='bbox 600 3583 728 3644; x_wconf 89' lang='lat' dir='ltr'>molliter</span> <span class='ocrx_word' id='word_1_190' title='bbox 748 3583 792 3644; x_wconf 90' lang='lat' dir='ltr'>ire</span> <span class='ocrx_word' id='word_1_191' title='bbox 812 3582 913 3661; x_wconf 89' lang='lat' dir='ltr'>pedes.</span> 
     </span>
    </p>
   </div>
   <div class='ocr_carea' id='block_1_6' title="bbox 126 3731 835 3798">
    <p class='ocr_par' dir='ltr' id='par_1_6' title="bbox 126 3731 835 3798">
     <span class='ocr_line' id='line_1_31' title="bbox 126 3731 835 3798; baseline 0 -16"><span class='ocrx_word' id='word_1_192' title='bbox 126 3739 156 3788; x_wconf 93' lang='lat'>1.</span> <span class='ocrx_word' id='word_1_193' title='bbox 195 3734 272 3782; x_wconf 86' lang='lat' dir='ltr'>Gron.</span> <span class='ocrx_word' id='word_1_194' title='bbox 286 3732 392 3798; x_wconf 74' lang='lat' dir='ltr'>primssm</span> <span class='ocrx_word' id='word_1_195' title='bbox 408 3732 451 3798; x_wconf 79' lang='lat' dir='ltr'>qui</span> <span class='ocrx_word' id='word_1_196' title='bbox 463 3731 546 3798; x_wconf 74' lang='lat' dir='ltr'>pinsit</span> <span class='ocrx_word' id='word_1_197' title='bbox 551 3753 561 3792; x_wconf 89' lang='lat'>,·</span> <span class='ocrx_word' id='word_1_198' title='bbox 579 3732 619 3784; x_wconf 89' lang='lat' dir='ltr'>sed</span> <span class='ocrx_word' id='word_1_199' title='bbox 636 3731 712 3798; x_wconf 84' lang='lat' dir='ltr'>Neep.</span> <span class='ocrx_word' id='word_1_200' title='bbox 724 3747 835 3797; x_wconf 80' lang='lat' dir='ltr'>puerum.</span> 
     </span>
    </p>
   </div>
   <div class='ocr_carea' id='block_1_7' title="bbox 0 0 1339 4398">
    <p class='ocr_par' dir='ltr' id='par_1_7' title="bbox 0 0 1339 4398">
     <span class='ocr_line' id='line_1_32' title="bbox 0 0 1339 4398; baseline 0 0"><span class='ocrx_word' id='word_1_201' title='bbox 0 0 1339 4398; x_wconf 95' lang='lat' dir='ltr'> </span> 
     </span>
    </p>
   </div>
  </div>
 </body>
</html>
