2624 4398
564 355 603 418 99

155 535 204 596 Me
223 533 346 596 laudent
364 533 468 595 doctam
489 533 583 595 selum
603 531 752 611 placuisse
772 531 906 611 puellae,

195 639 333 719 Pontiae,
355 643 386 701 et
405 639 531 718 injustas
553 656 642 717 saepe
662 639 767 700 tulisse
787 636 900 718 minas3

155 743 204 803 iie
224 745 306 821 legat
325 744 443 805 assidue
462 747 530 821 post
549 742 623 804 haee
643 742 795 820 neglectus
815 743 945 822 amator,

194 846 235 907 Et
254 847 367 924 prosint
386 846 431 906 illi
451 846 571 923 eognita
591 849 692 907 nestra
711 844 799 905 mala.

157 949 203 1010 Te
223 967 340 1028 queque
360 950 387 1011 si
406 953 486 1010 eerto
506 967 580 1030 puer
600 949 649 1010 hie
669 949 848 1011 eoneusserit
868 965 937 1010 areu
1092 951 1130 1012 15

198 1051 298 1133 (Quod
317 1054 407 1114 nolim
427 1057 541 1115 nostros
562 1053 709 1115 evoluisse
729 1052 834 1134 deos),

158 1155 260 1232 Longe
280 1160 378 1217 eastra
397 1155 470 1236 tibi,
490 1157 578 1233 longe
598 1156 688 1216 miser
709 1157 828 1234 agmina
848 1159 961 1235 septem

196 1259 299 1320 Flebis
319 1261 351 1320 in
371 1263 490 1321 aeterno
510 1260 600 1321 surda
615 1259 717 1338 jacere
739 1259 817 1340 situ3

158 1362 198 1424 Iit
216 1359 325 1424 frustra
344 1363 445 1439 eupies
465 1363 582 1423 mollem
604 1379 775 1440 componere
795 1380 929 1444 versum,

198 1467 263 1529 Nee
282 1467 338 1528 tibi
357 1467 494 1545 subjiciet
514 1465 645 1527 earmina
666 1483 749 1527 serus
770 1465 868 1527 Amor.
1094 1470 1135 1529 20

158 1570 244 1631 'Pane
264 1587 311 1630 me
331 1589 389 1632 non
407 1568 549 1631 humilem
569 1570 714 1631 mirabere
735 1586 824 1647 saepe
844 1574 980 1650 poetam,

200 1673 285 1733 Tunc
305 1690 359 1749 ege
379 1673 520 1733 Romanis
539 1671 688 1749 praeferar
708 1671 852 1748 ingeniis:

160 1774 224 1836 Nee
242 1777 378 1853 poterunt
392 1774 519 1852 juvenes
539 1779 639 1836 nostro
658 1775 782 1835 reticere
802 1775 953 1853 sepulcro:

200 1877 350 1938 Assorus
371 1895 492 1939 rosam
512 1895 625 1938 msera
648 1896 752 1938 roera
772 1895 878 1940 sacas.

161 1982 210 2042 Tu
230 1999 303 2043 eave
322 1985 422 2042 nestra
442 1985 492 2042 tuo
513 1985 682 2042 eontemnas
702 1981 834 2041 earmina
853 1979 948 2042 fastus
1095 1983 1134 2043 25

201 2082 297 2161 Saepe
316 2084 398 2144 venit
416 2101 524 2159 magne
543 2081 642 2144 fenore
663 2080 765 2142 tardus
785 2079 884 2142 Amor.

83 2220 109 2269 6.
148 2217 244 2283 Aliquid
259 2216 403 2283 quaerimus,
421 2217 578 2282 excogitamus
595 2217 625 2266 sd
642 2213 820 2282 expugnandam
834 2215 941 2271 &eminae
957 2216 1074 2268 duritiem.

67 2309 111 2358 16.
149 2308 236 2366 (irem,
258 2307 334 2372 Neap.
356 2305 471 2355 niolam
492 2306 563 2362 dees,¹
586 2304 703 2354 mendose.
726 2301 1005 2368 Beroaldus,'‘Psrrejas‚
1022 2305 1131 2358 Pueeins:

34 2391 166 2448 evoluisse,
189 2389 313 2438 dedumm
336 2403 350 2438 s
370 2388 430 2438 tusis
452 2388 589 2437 Parcarum.
622 2386 660 2436 sd
679 2386 742 2436 hune
764 2385 841 2436 lorum
860 2385 995 2437 Kmnoelim
1010 2387 1133 2440 observat:

38 2473 95 2524 ‚Ut
112 2471 169 2523 aliis
184 2470 210 2520 in
225 2469 282 2520 loris
298 2469 385 2518 Pareae
402 2471 450 2518 ieta
467 2471 609 2526 caeterorum
626 2467 761 2517 mortalium
778 2483 832 2516 nere
847 2467 969 2528 emuntur,
985 2469 1021 2520 ita
1028 2471 1073 2522 hee
1081 2470 1133 2522 loeo

36 2555 124 2604 dieitur
139 2555 221 2602 Venus
238 2568 291 2601 cum
307 2549 394 2617 populo
412 2550 554 2617 Cupidinum
570 2565 625 2599 nere
640 2550 689 2599 iate
706 2551 844 2600 amatorum.
857 2552 1000 2602 saevissima
1015 2553 1132 2620 picturas

38 2637 140 2686 Ovidius
160 2634 258 2684 Heroid.
281 2632 346 2682 XII:
377 2634 440 2682 iisne
456 2648 518 2697 quae
534 2632 672 2697 dispereant
687 2631 801 2681 mortalia
811 2633 874 2698 fila,
890 2648 982 2684 sorores
997 2636 1135 2686 Debuerant

30 2721 103 2783 saror
120 2715 237 2768 evolame
252 2729 321 2764 meos.
356 2714 432 2780 Optat
449 2714 586 2780 Propertius
602 2713 735 2764 neemiam
753 2717 821 2764 tanta
838 2717 862 2764 et
878 2714 923 2764 sibi
940 2717 1033 2782 cognita
1049 2719 1136 2768 emeris

37 2801 99 2850 maia
116 2798 260 2864 experiatur.

71 2892 114 2941 17.
150 2887 256 2953 Apatna
270 2890 363 2952 septas.
389 2885 484 2951 Septem
500 2887 582 2934 eontra
598 2882 696 2934 Thebas.
713 2885 839 2944 Ponticus,
855 2901 924 2952 quem
941 2887 1013 2936 heroo
1030 2887 1136 2938 carmine

38 2976 134 3023 clarum
151 2970 212 3020 dixit
228 2968 327 3019 Ovidius
344 2967 428 3030 (rtet.
445 2966 492 3025 IV,
511 2967 550 3016 10.
566 2965 624 3028 47),
639 2965 767 3026 Thebaida,
782 2967 873 3036 epirum
882 2969 1136 3034 earmemneripserst,

40 3055 68 3104 ad
84 3053 149 3120 quod
165 3053 205 3103 hie
221 3055 245 3102 et
261 3049 351 3118 primus
368 3065 448 3099 versus
465 3048 551 3113 elegiae
567 3048 702 3114 respiciunt

381 3207 649 3276 ELEGIA
694 3207 803 3274 XXII.

420 3365 458 3412 rr
480 3325 605 3412 saeua
625 3362 764 3410 rsrrer.

277 3485 359 3552 (corr.
376 3485 423 3545 aa,
441 3483 523 3534 aum.
541 3483 587 3542 aa,
606 3483 649 3541 11;
667 3482 765 3534 amam.
781 3483 827 3543 ae,
844 3483 906 3547 111.)

165 3621 279 3684 Tristia
293 3621 358 3699 jam
378 3618 502 3680 redeunt
522 3619 629 3680 iterum
648 3617 792 3678 solemnia
810 3618 911 3680 nobis:

206 3724 335 3803 cynthia
350 3723 415 3802 jam
434 3725 535 3785 noctes
555 3726 601 3784 est
620 3723 742 3798 operata
762 3721 872 3783 desem.
