2624 4398
713 343 753 402 60

307 516 340 576 Si
359 515 477 575 videam
497 514 565 576 (lois
585 515 745 591 fulgentem
765 515 901 576 incedere
920 517 1014 597 notis,

345 621 410 680 Hoc
428 622 522 680 totum
542 637 558 679 e
579 618 639 679 Oea
659 624 742 680 vesto
763 621 900 680 volumen
920 621 992 681 erit:

306 724 338 784 Si
358 724 438 784 nuda
458 721 557 800 erepte
578 741 691 783 meeum
710 724 838 784 luctatur
859 726 968 786 amictu
974 769 982 804 ‚

345 828 429 888 Tune
449 845 519 887 vero
539 827 641 902 longas
662 827 812 888 condimus
832 827 952 888 Iliadas.

306 931 365 992 Seu
385 932 524 1008 quioquid
543 930 630 1009 fecit,
651 932 715 991 sive
736 935 781 991 est
800 933 1003 1009 quodcumque
1023 934 1137 1014 locuta,

345 1035 475 1094 Maxima
494 1035 532 1093 us
551 1033 644 1094 mern
664 1034 795 1093 nasetur
815 1017 947 1095 ristona.

305 1138 372 1198 Non
391 1141 435 1197 tot
454 1137 661 1196 Achaemeniis
681 1141 831 1196 armantur
852 1137 927 1199 susa
946 1139 1079 1218 sagittis,

346 1240 466 1318 Spicula
485 1245 557 1317 quot
576 1245 674 1300 nostro
693 1245 810 1317 pectore
830 1241 895 1301 fixit
914 1241 1018 1303 Amor!

306 1345 363 1405 Hie
383 1363 430 1403 mo
449 1348 511 1404 tam
530 1343 655 1420 graciles
675 1345 770 1404 vetnit
790 1350 974 1407 contemnere
994 1347 1111 1426 Musas,

346 1449 441 1508 Jussit
461 1452 491 1507 et
510 1447 672 1508 Ascraeum
692 1447 735 1508 sic
755 1447 889 1509 hahitare
909 1469 1029 1530 nemus3

305 1551 374 1611 Non
393 1554 426 1610 ut
445 1550 562 1609 Pieriae
583 1568 706 1626 quereus
726 1569 793 1610 mea
812 1551 904 1610 verba
923 1557 1100 1632 sequantur,

345 1654 407 1713 Aut
426 1655 536 1732 possim
556 1654 680 1714 Ismaria
700 1654 805 1715 ducere
825 1656 905 1714 velle
924 1654 1018 1734 feres3

308 1745 374 1819 Seri
387 1759 481 1836 magis
501 1762 534 1818 ut
554 1761 652 1818 nostro
673 1757 810 1834 stupefiat
830 1757 959 1834 Oynthia
978 1776 1082 1818 versu:

348 1861 432 1920 Tune
453 1880 507 1938 ego
527 1864 583 1923 sim
602 1863 722 1924 Inachio
742 1865 836 1924 notior
856 1867 918 1923 erte
938 1863 1023 1922 Lino.

267 2039 270 2047 Ι
307 1964 374 2024 Non
395 1981 449 2040 ego
470 1983 534 2024 sum
554 1965 664 2025 formae
683 1970 797 2026 tantum
817 1967 937 2026 mirator
956 1965 1113 2044 honestae,

349 2066 412 2125 Nec
433 2066 458 2126 si
479 2084 538 2143 qua
558 2067 687 2127 illustres
707 2067 816 2127 femina
831 2068 927 2144 jactat
947 2086 1033 2146 avos3

310 2165 357 2226 Me
373 2168 461 2245 juvat
481 2169 512 2227 in
531 2169 643 2245 gremio
663 2169 766 2228 doctae
785 2171 894 2246 legisse
914 2171 1047 2248 puellae,

350 2268 478 2331 Auribus
499 2275 529 2330 et
548 2271 630 2347 puris
650 2272 759 2348 scripta
778 2273 919 2348 probasse
939 2289 1014 2331 mea.

311 2373 393 2432 Haec
412 2373 463 2433 ubi
484 2375 668 2452 contingant,
688 2375 789 2452 populi
809 2375 928 2436 confusa
948 2376 1046 2435 valeto

351 2474 480 2554 Fabula3
501 2495 569 2535 nam
589 2477 707 2537 domina
723 2477 824 2553 judice
845 2481 925 2537 tutus
946 2495 1005 2537 ero.

311 2575 394 2651 Quae
415 2578 441 2637 si
460 2577 534 2638 forte
553 2578 645 2639 bonas
665 2580 704 2638 ad
722 2597 825 2656 paoem
845 2580 967 2639 verterit
986 2597 1088 2658 eures,

351 2680 473 2740 Possum
493 2681 662 2742 inimicitias
681 2685 750 2741 tunc
771 2701 825 2758 ego
844 2682 920 2742 ferre
940 2682 1032 2742 lovis.

242 2861 266 2911 2.
300 2859 372 2910 Gron.
389 2859 416 2910 ic
433 2874 473 2910 ore
489 2860 564 2919 libem
581 2862 645 2926 vulg
663 2863 714 2912 edd.
731 2862 758 2912 in
774 2878 826 2912 ora.

242 2955 267 3007 8.
301 2956 374 3006 Gron.
391 2962 473 3008 caelet
489 2959 590 3024 Apolla-
607 2959 672 3024 vulg.
689 2959 739 3008 edd.
757 2961 842 3010 dictet.

243 3053 333 3104 5—12.
352 3053 434 3104 critici
448 3056 585 3106 recentiores
599 3057 811 3106 animadverterunt
826 3058 929 3106 ordinem
939 3053 1266 3106 versuuminctsddlelorart

194 3136 295 3188 Restitui
311 3137 459 3187 distinctione
476 3141 531 3205 spir
547 3139 575 3187 ed
592 3141 758 3189 sententiarum
775 3157 860 3189 nexum
878 3156 904 3189 cc
921 3139 1108 3206 progressionem
1125 3135 1235 3188 orationis.

227 3235 267 3286 11.
301 3235 374 3284 Gron.
392 3237 416 3285 et
432 3235 506 3302 Neep.
525 3235 577 3285 sive
590 3236 657 3286 illam
674 3237 728 3286 Cois
735 3237 871 3302 scalpentem
885 3237 994 3287 incedere
1006 3238 1078 3301 copta.
1105 3237 1198 3286 Vitium
1210 3233 1266 3282 nee

193 3318 218 3369 in
240 3316 304 3382 copie
327 3331 393 3367 nomo
415 3321 492 3382 neget.
526 3317 617 3368 Eruditi
640 3319 787 3382 conjecerunt
804 3324 891 3377 totam,
909 3319 981 3378 rote,
997 3319 1082 3377 iem,
1099 3324 1169 3369 certe.
1192 3314 1267 3366 Pn'111ne

193 3398 316 3457 editiones,
340 3401 363 3448 et
385 3399 506 3450 Heinsius:
531 3400 583 3450 Sive
603 3401 671 3450 illam
694 3402 782 3452 leniris
804 3430 837 3438 -
862 3402 922 3451 Cois.
956 3403 1119 3466 Ayrmannus:
1143 3401 1195 3450 Sive
1214 3397 1267 3445 alan

194 3481 271 3548 longis
289 3510 322 3520 —-
337 3481 398 3532 coe.
413 3481 575 3532 Lechrnnnnns
590 3483 690 3548 protnht
705 3484 792 3542 roccis,
806 3483 822 3532 i.
837 3499 856 3532 e.
869 3499 982 3550 purpura.
1004 3485 1172 3534 Verumtamen
1189 3475 1266 3531 verbum

194 3563 269 3616 cretio
290 3562 393 3628 flugim,
415 3567 485 3630 etque
502 3563 526 3614 in
544 3564 616 3614 (hild.
636 3565 754 3615 Vaticanis
772 3569 796 3615 et
813 3567 927 3615 Vossieno
945 3565 981 3614 IV
999 3565 1087 3630 legitur
1104 3566 1210 3615 incedere
1223 3552 1266 3608 vidi

194 3643 333 3698 Ilnrehhirrr
345 3647 407 3696 recto
422 3646 512 3696 mooun
524 3661 571 3696 non
586 3663 695 3713 apparere
709 3648 823 3713 quomodo
838 3647 888 3697 ridi
901 3664 914 3696 a
927 3647 1010 3697 scribis
1022 3649 1162 3698 commutari
1169 3638 1264 3714 potucul·

194 3733 219 3782 et
237 3727 361 3796 proposuit
377 3727 439 3782 oevi.
466 3728 527 3780 Mihi
545 3731 622 3780 sutem
639 3729 730 3780 videtur
746 3730 840 3795 gravium
856 3730 921 3780 meus
938 3745 1000 3789 esser
1018 3746 1074 3780 nem
1090 3731 1174 3781 nimiae
1191 3733 1265 3797 prorsus
