2624 4398
708 341 766 402 112

310 508 415 587 Qualis
435 515 466 574 et
484 511 605 576 Adrasti
624 513 708 576 iuriit
726 513 838 577 voculis
858 512 966 592 Arion,

349 613 458 677 cristis
478 616 517 677 ed
536 615 708 692 Archemori
728 617 831 679 lunera
850 616 945 678 victor
964 629 1074 690 equus:
1094 645 1136 658 -

308 719 377 780 Non
390 719 455 798 jam
475 720 626 784 Pheraeae
645 726 768 799 prosunt
786 721 842 782 tibi
860 719 923 780 inte
942 715 1104 796 quadrigae

348 819 410 883 Aut
428 821 559 904 Capanei
578 843 684 903 magne
703 829 789 903 grate
810 824 896 886 ruina
915 822 989 884 Iovi.

307 924 418 987 Desine
437 925 573 990 Achilleo
591 947 764 1006 componere
784 929 875 990 verba
894 926 1052 1004 cothurno,

346 1029 473 1112 Desine,
494 1035 525 1095 et
544 1032 584 1093 sd
602 1035 706 1096 molles
726 1033 857 1095 membru
876 1032 990 1093 resolve
1010 1027 1130 1090 cheresi

306 1132 407 1212 Incipe
422 1134 487 1214 jum
506 1143 631 1214 anguste
650 1155 753 1200 versus
772 1137 922 1199 includere
940 1139 1041 1214 torno,

345 1236 439 1315 Inque
459 1243 525 1302 tncs
544 1241 645 1322 ignes,
666 1241 738 1303 dure
757 1245 860 1321 poete,
881 1239 966 1301 veni!

304 1338 355 1401 Tu
373 1358 432 1402 non
451 1340 646 1424 Antimacho,
666 1363 725 1406 nen
744 1345 835 1406 tutior
854 1343 913 1404 ibis
931 1341 1075 1402 Homero:

344 1442 479 1522 Despicit
498 1450 529 1508 et
547 1465 672 1524 magnes
690 1451 772 1509 recte
790 1446 892 1527 puella
910 1444 992 1506 dces.

304 1541 366 1605 Sed
384 1564 444 1608 non
462 1553 532 1610 ente
551 1550 637 1628 gravi
656 1555 758 1612 murus
777 1548 940 1613 succumbit
958 1550 1071 1627 nuuc,

343 1645 459 1712 (lornuu
478 1668 567 1729 quum
585 1653 695 1715 validis
713 1652 845 1716 haeserit
863 1653 895 1714 in
913 1650 1048 1729 laqueis,

302 1750 367 1813 Nec
385 1758 419 1815 tn
437 1758 501 1816 tem
520 1755 608 1819 duros
627 1775 681 1834 per
699 1761 730 1819 tc
749 1756 872 1834 petieris
892 1770 1022 1816 amores:

306 1917 308 1922 .
342 1856 427 1918 'linx
445 1863 545 1921 temen
564 1879 584 1921 u
603 1861 687 1922 nobis
707 1865 776 1922 ante
797 1859 959 1921 domandus
980 1855 1047 1917 eris.

301 1956 414 2020 Herum
433 1962 515 2022 nulls
534 1963 609 2025 solet
628 1965 771 2026 rationem
790 1979 932 2042 quaerere
952 1959 1072 2038 mundi,

340 2063 405 2126 Nee
424 2083 477 2126 cur
496 2066 633 2130 fraternis
652 2070 723 2130 luna
742 2068 856 2130 laboret
874 2067 978 2146 equis,

300 2165 365 2228 Nec
384 2169 411 2230 si
430 2175 497 2248 pest
516 2170 637 2250 Stygias
657 2172 771 2251 aliquid
789 2172 963 2235 rcstabimus
983 2167 1094 2246 undas,

340 2269 405 2332 Nee
424 2272 451 2333 si
471 2275 601 2336 consulte
621 2275 744 2336 fulmine
762 2275 853 2336 musa
873 2276 983 2336 tonent

299 2369 428 2450 Adspice
447 2394 510 2458 me,
531 2378 579 2438 cui
598 2396 691 2456 parva
710 2379 789 2440 domi
809 2378 925 2441 fortuna
942 2375 1047 2438 relicta
1065 2375 1125 2453 est,

338 2475 445 2538 Nullus
465 2483 496 2540 et
515 2482 635 2559 antiquo
654 2481 749 2542 Marte
768 2479 933 2558 triumphus
953 2477 1018 2558 evi,

300 2578 342 2640 Ut
360 2598 480 2658 regnem
499 2584 608 2646 mixtas
627 2586 705 2647 inter
723 2587 847 2648 conviva
865 2585 981 2662 puellas

338 2683 403 2745 Hoc
423 2703 493 2767 ego,
513 2705 572 2765 quc
591 2688 647 2749 tibi
666 2706 744 2750 nnnc
763 2690 878 2767 elevor,
899 2685 1026 2763 ingenio.

299 2788 347 2851 Me
362 2788 450 2867 juvet
468 2790 614 2854 hesternis
633 2793 761 2871 positum
781 2794 921 2869 languere
941 2787 1073 2867 corollis,

338 2891 432 2968 Quem
452 2895 551 2973 tetigit
565 2896 649 2974 jectu
668 2899 766 2956 certus
785 2895 825 2955 ed
844 2911 913 2956 essa
931 2892 1021 2953 deust

297 2995 365 3059 Non
383 3001 483 3060 tamen
502 2998 576 3060 haec
595 2999 650 3060 ulli
669 2999 789 3060 venient
808 2999 926 3074 ingrata
945 2992 1072 3073 legenti,

336 3100 407 3165 Sive
427 3102 459 3163 in
479 3119 577 3163 umore
597 3102 694 3183 rudis,
715 3103 780 3163 sive
799 3101 911 3179 peritus
931 3100 997 3161 erit.

295 3203 379 3267 Haec
398 3223 515 3285 queque
535 3205 664 3287 perfecte
683 3207 806 3269 ludebat
825 3206 930 3268 Iasone
950 3203 1060 3283 Verre,

335 3311 429 3374 Verre
447 3312 616 3375 Leucadiae
635 3314 765 3375 maxima
782 3313 901 3373 flnrnms
920 3328 1006 3372 snae·

294 3411 377 3476 Hace
396 3431 512 3494 qnoque
532 3416 637 3478 luscini
656 3421 810 3478 recurunt
829 3416 940 3491 scriptu
959 3410 1085 3490 Catulli,

334 3515 444 3583 Lesbia
463 3523 531 3598 quis
551 3521 618 3600 ipse
636 3522 732 3584 notior
751 3525 797 3582 est
816 3520 941 3581 Helena„

294 3617 377 3682 Haec
397 3623 488 3685 etiem
508 3622 586 3686 docti
606 3623 740 3688 confessa
759 3629 805 3686 est
823 3622 933 3703 pagina
954 3619 1054 3698 Oelvi,

335 3719 408 3786 dnn
427 3731 546 3790 emeret
566 3727 691 3790 nulseree
711 3727 816 3790 funere
836 3727 1007 3804 Quintiliae.
