2642 4396
695 363 753 425 152

300 539 420 603 Scilicet
439 539 544 602 incesti
565 540 704 602 meretrix
723 539 828 618 regina
848 539 961 619 Canopi

340 644 420 712 (Una
439 643 596 722 Philippeo
616 645 762 722 sanguine
782 644 889 705 adusta
907 643 1006 725 nota),

299 745 382 808 Ausa
399 748 468 809 Jovi
487 753 586 810 nostro
605 749 763 810 latrantem
783 765 931 827 opponere
950 747 1086 827 Anubin,

338 850 379 911 Et
398 850 532 912 Tiberim
552 851 615 911 Nili
634 868 739 928 eogere
759 851 836 912 ferre
857 851 972 929 minas,

299 953 519 1031 Romanamque
539 954 640 1014 tubam
660 955 824 1032 crepitante
843 955 955 1032 pellere
975 953 1079 1033 sistro,
1152 1022 1156 1028 ,
1244 953 1274 1014 45
1303 945 1304 958 ἢ

339 1055 463 1117 Baridos
483 1060 514 1117 et
534 1057 628 1118 contis
647 1060 742 1117 rostra
762 1057 894 1117 Liburna
915 1057 1015 1136 sequi,

298 1157 458 1237 Foedaque
478 1159 609 1238 Tarpejo
629 1177 759 1237 conopes
777 1160 900 1222 tendere
921 1178 1008 1240 saxo,

338 1263 412 1326 Jura
431 1263 502 1324 dare
522 1268 553 1325 et
573 1268 687 1325 statuas
707 1264 785 1325 inter
804 1267 834 1325 et
855 1283 937 1324 arma
956 1262 1041 1324 Mari.

299 1366 368 1428 Non
387 1363 477 1445 haec,
498 1366 607 1443 Roma,
627 1365 683 1426 fuit
702 1370 785 1427 tanto
805 1367 862 1428 tibi
882 1367 948 1428 cive
969 1366 1115 1447 verenda3

338 1470 403 1532 Nec
422 1470 506 1531 ducis
526 1470 645 1532 assiduo
664 1471 768 1548 lingna
788 1473 905 1548 sepulta
925 1489 1019 1550 mero,
1242 1471 1274 1531 50

299 1572 364 1634 Nec
383 1573 490 1634 mulier
509 1573 651 1652 patienda
670 1573 741 1633 tiritt
763 1572 860 1651 Cape,
881 1573 990 1652 Roma,
1011 1573 1217 1654 triumphum,

340 1678 380 1738 Et
399 1678 518 1755 longam
537 1676 672 1755 Angusto
692 1678 777 1737 salva
796 1693 917 1753 precare
938 1676 1026 1735 diem.

300 1780 417 1858 Fugisti
437 1784 537 1842 tamen
557 1782 589 1842 in
608 1781 705 1842 timidi
725 1799 803 1857 vaga
822 1779 943 1839 flumina
962 1778 1042 1838 Nili:

340 1882 382 1944 nt
402 1901 507 1961 cepere
529 1888 597 1944 tuae
617 1885 745 1944 Romula
764 1884 863 1944 vincla
883 1900 995 1943 manns.

299 1984 427 2046 Brachia
447 1986 579 2064 spectavi
599 1987 690 2046 sacris
710 1985 846 2046 admorsa
865 1984 1008 2064 colubris,
1241 1985 1273 2046 55

341 2089 381 2150 lit
400 2088 517 2150 trahere
538 2090 683 2150 occultum
702 2090 834 2150 membra
854 2090 966 2166 soporis
985 2088 1052 2149 iter.

301 2193 384 2255 Haec
401 2193 452 2253 Dii
469 2192 676 2272 condiderunt,
694 2192 769 2253 haec
785 2192 826 2252 Di
840 2209 956 2269 quoqne
973 2192 1091 2254 moenia
1108 2198 1246 2254 servant:

341 2295 401 2356 Vix
421 2296 539 2376 timeat,
561 2297 645 2357 salvo
666 2294 810 2375 Caesare,
831 2295 926 2356 Roma
944 2295 1059 2356 Jovem.

301 2399 420 2461 Curtius
441 2399 568 2477 expletis
588 2399 692 2459 statuit
712 2401 899 2459 monumenta
918 2399 1046 2479 lacunis,

340 2501 385 2564 Ac
405 2502 514 2564 Decius
534 2501 625 2562 misso
644 2502 758 2579 praelia
777 2503 857 2580 rupit
878 2518 972 2583 equ03
1235 2501 1272 2560 60

301 2604 423 2668 Coclitis
442 2605 590 2667 abscissos
609 2608 735 2665 testatur
755 2605 861 2666 semita
879 2609 999 2685 pontes3

341 2709 397 2770 Est
417 2709 465 2770 cui
485 2726 644 2786 cognomen
665 2726 768 2770 corvus
788 2708 897 2770 habere
918 2708 1009 2769 dedit.

302 2812 469 2874 Leucadiae
488 2830 590 2874 versas
611 2812 690 2873 acies
710 2813 884 2874 memorabit
904 2811 1027 2891 Apollo:

343 2917 472 2978 Tantum
493 2917 590 2994 operis
610 2917 683 2978 belli
703 2917 822 2978 sustulit
842 2935 901 2978 nna
921 2919 994 2978 dies.

302 3017 343 3079 At
363 3022 412 3098 tu,
433 3019 498 3080 sive
517 3024 602 3097 petas
622 3024 739 3099 portus,
761 3037 829 3100 seu,
850 3020 969 3098 navita,
991 3019 1125 3098 linquas,
1237 3017 1272 3076 65

341 3121 479 3185 Caesaris
498 3124 530 3184 in
550 3125 612 3186 tots
632 3124 682 3211 sis,
694 3140 805 3185 memor
824 3123 914 3184 Ionio.

232 3332 306 3384 d-8.
341 3335 459 3385 Versuum
482 3334 586 3384 ordinem
613 3334 711 3385 mutavi.
746 3334 776 3385 In
800 3334 873 3387 Oodd.
894 3351 918 3386 v.
936 3337 965 3395 7,
982 3335 998 3384 8
1015 3335 1155 3401 praecedunt
1170 3331 1184 3382 5
1199 3335 1223 3382 et
1240 3334 1255 3381 6
1262 3353 1269 3390 3

182 3416 222 3467 sed
230 3416 278 3468 usa
287 3417 358 3467 verba
366 3418 500 3468 assuuntur
509 3417 537 3466 ad
546 3418 655 3476 amicum,
665 3418 815 3484 Propertium
823 3418 1008 3484 vituperantem
1017 3418 1054 3467 cui
1063 3421 1132 3484 poeta
1139 3415 1268 3482 respondet:

181 3497 287 3564 exemplo
304 3513 357 3548 meo
374 3498 457 3550 timere
474 3499 548 3550 disce:
567 3503 676 3566 expertus
694 3517 760 3559 sum3
777 3501 857 3550 navita
873 3500 957 3550 melius
971 3504 1133 3568 tempestatem
1145 3497 1268 3564 praesagit,

180 3582 235 3648 quia
258 3597 309 3631 eam
331 3581 423 3647 pridem
444 3581 524 3640 novit;
547 3583 613 3632 miles
636 3581 725 3633 bellum
749 3584 906 3650 pertimescit,
930 3583 985 3650 quis
1002 3581 1099 3632 vulnera
1111 3582 1159 3647 jem
1173 3579 1267 3645 excepit

181 3662 296 3728 'trajectis
313 3662 432 3724 distichis,
450 3663 619 3715 emendationes
637 3681 651 3714 a
668 3665 756 3716 criticis
774 3665 924 3715 concinnatae
940 3665 1034 3716 inutiles
1051 3667 1119 3715 finnt.

232 3751 257 3804 ὅ.
293 3753 454 3805 Praeteritum
469 3755 588 3816 iuventam
604 3755 691 3820 inquit,
710 3771 796 3806 annum
809 3758 920 3822 quartum
934 3755 971 3805 vel
984 3755 1092 3821 quintum
1104 3759 1128 3805 et
1139 3750 1266 3804 viaeimnm
