2640 4400
156 381 198 424 xu

194 538 277 613 Quae
296 538 394 598 omnia
413 539 445 598 in
464 553 522 598 uno
542 538 671 597 carmine
691 537 835 596 nobisne
859 536 995 613 offerunt,
1022 535 1101 610 quod
1128 539 1250 612 septua-

152 643 236 721 ginta
269 640 403 701 versibus
439 640 608 716 completur.
649 639 754 715 Neque
789 639 955 699 musivuum
985 654 1058 714 opus
1085 637 1250 700 Sulmoniis

152 745 263 822 lapillis
288 743 479 820 compositum
498 746 604 820 poetae
628 743 743 804 crimini
773 746 900 819 vertam,
930 740 982 801 sed
1007 758 1082 816 nego
1102 741 1251 804 eiusmodi

152 848 257 924 pannis
276 846 421 923 poeticam
441 845 586 922 Propertii
605 849 718 906 vestem
739 848 889 905 consutam
910 860 985 904 esse.
1010 843 1194 905 Imitatioues
1216 845 1251 904 in

151 949 274 1026 reliquis
294 948 465 1024 fragmentis
492 947 572 1008 haud
597 948 693 1008 miuus
718 946 836 1008 crebras
867 963 943 1006 nunc
971 944 1099 1021 proferre
1126 946 1250 1023 longum

153 1069 224 1113 sane
253 1055 284 1112 et
313 1052 467 1112 molestum
491 1051 649 1112 lectoribus
674 1048 833 1126 accideret,
869 1048 1014 1126 nimisque
1045 1050 1250 1110 commentarii

152 1155 267 1217 notulas
287 1158 446 1216 onerasset

193 1255 262 1318 Alia
280 1266 366 1334 porro
386 1257 550 1318 invenimus
571 1257 723 1334 Propertio
742 1272 927 1333 nequaquam
947 1255 1161 1319 convenientia.
1188 1257 1250 1319 Hic

152 1376 288 1436 graecam
302 1357 431 1420 fabulam
446 1359 602 1421 scitissime
619 1359 764 1421 didicerat
782 1359 914 1435 citraque
926 1359 1133 1420 necessitatem
1143 1359 1250 1439 hujus·

152 1461 232 1521 modi
252 1460 429 1522 eruditiones
450 1461 597 1522 interdum
616 1465 782 1538 ostentans,
803 1477 924 1536 graecas
945 1477 1012 1521 cum
1036 1462 1137 1523 latinis
1154 1463 1251 1524 tradi-

153 1563 281 1625 tionibus
295 1582 354 1624 non
368 1562 573 1642 confunderet,
594 1581 648 1624 nec
669 1564 701 1622 in
720 1561 866 1622 namando
892 1563 1050 1623 memoriae
1071 1563 1145 1623 vitio
1165 1565 1251 1625 labe-
1315 1609 1316 1648 3

153 1670 241 1728 retur.
272 1665 312 1727 lt
332 1667 363 1725 in
383 1666 442 1726 VII
462 1666 590 1728 Secundi
609 1666 753 1727 Hercules
773 1665 895 1725 moritur
916 1665 947 1725 in
963 1666 1047 1743 jugis
1067 1664 1188 1728 Oetaeis
1210 1667 1253 1726 ad
1315 1649 1316 1722 i

153 1768 289 1829 caelestis
309 1768 409 1829 Hebes
429 1770 597 1846 amplexum
618 1768 763 1846 sublatus3
785 1767 816 1828 in
831 1767 1004 1842 fragmentis
1022 1768 1154 1830 conditor
1168 1769 1253 1830 Arae

153 1871 299 1932 Maximae
319 1872 426 1934 occidit
443 1873 473 1934 in
490 1872 585 1932 Latio.
606 1871 718 1932 Ferunt
734 1871 897 1946 Mythologi
914 1870 1000 1931 binas
1010 1869 1102 1932 fuisse
1114 1870 1252 1948 Scyllas:

153 1974 259 2052 altera,
270 1974 338 2035 Nisi
347 1973 422 2053 filia,
433 1978 587 2052 paternum
597 1972 735 2050 capillum
746 1989 835 2049 quum
845 1973 1021 2033 recocuisset
1031 1973 1124 2034 Minoi
1140 1976 1252 2036 amoris

153 2096 257 2158 eausa,
284 2079 315 2139 in
344 2096 425 2140 mare
451 2079 595 2156 projecta,
622 2075 728 2136 deinde
749 2076 781 2136 in
801 2093 886 2136 avem
905 2079 1018 2136 mutata
1038 2075 1102 2135 fuit.
1129 2075 1250 2156 Altera,

154 2181 260 2242 Phorci
274 2180 351 2262 filia,
376 2193 396 2242 a
420 2180 531 2243 Glauco
558 2184 668 2258 amata,
690 2178 790 2240 Circes
810 2179 923 2239 invidia
937 2179 1015 2255 pube
1031 2183 1116 2240 tenus
1132 2185 1250 2242 mutata

155 2283 241 2345 estin
255 2302 343 2346 canes
358 2286 509 2347 latrantes.
530 2283 654 2345 Ovidius
670 2287 700 2344 et
716 2283 858 2360 Virgilius
875 2281 914 2363 (si
935 2283 1072 2344 mendum
1092 2301 1150 2344 non
1172 2284 1252 2344 latet

155 2387 186 2448 in
210 2386 340 2465 Scyllum
361 2388 427 2450 Nisi
446 2390 518 2466 Eicg.
540 2388 597 2467 VI,
618 2407 647 2447 v.
669 2384 720 2466 74)
742 2386 816 2447 duas
837 2385 950 2462 Scyllas
971 2384 1167 2464 confimdunt3
1188 2404 1251 2447 nou

154 2495 252 2551 autem
273 2491 459 2570 Pmpertius,
481 2492 532 2569 qui
558 2491 589 2550 in
613 2489 686 2548 XIX
706 2488 816 2548 Tertii:
841 2487 950 2567 Tuque,
974 2506 989 2547 o
1011 2487 1109 2547 Micca
1129 2506 1249 2549 vertum-

156 2593 239 2673 dum,
265 2593 379 2674 Scylla,
401 2595 497 2676 figure
517 2598 572 2654 ete.
606 2591 643 2651 le
663 2609 711 2651 vos
731 2591 885 2670 innuptae,
906 2590 1022 2671 (eletos
1037 2591 1248 2652 usitetucdes:

157 2696 266 2757 Pendet
289 2697 388 2756 Crcteo
409 2702 504 2756 tracto
521 2695 622 2774 puello
641 2699 713 2753 rote.
739 2694 980 2772 Fragmentorum
1002 2697 1102 2755 auctor
1116 2693 1250 2770 Scyllam

155 2799 223 2860 Nisi
241 2819 259 2862 a
280 2799 380 2876 Scylla
399 2799 507 2860 Phorci
527 2817 584 2860 non
605 2798 761 2874 distinguit
781 2802 810 2858 et
830 2816 919 2860 canes
934 2799 1076 2859 latrantes
1090 2798 1158 2858 Nisi
1167 2797 1250 2858 filiae

155 2901 259 2964 tribuit
280 2899 329 2982 (V.
353 2901 519 2981 Torpejom)

355 3029 419 3095 Quid
435 3029 522 3078 mirum
539 3028 564 3076 in
581 3027 670 3094 patrios
686 3026 790 3091 Scyllam
807 3027 906 3078 saevisse
923 3026 1036 3094 capillos?

388 3111 534 3176 Candidaque
550 3110 575 3159 ln
592 3125 670 3160 saevas
686 3110 782 3175 inguina
799 3125 868 3158 versu
885 3112 969 3158 cenes?

155 3220 211 3284 Oui
231 3241 289 3284 non
308 3228 392 3284 notus
414 3223 508 3284 Cacus
529 3224 581 3284 ille
605 3222 761 3283 locutione
783 3221 869 3281 timor
886 3229 972 3300 utque
989 3220 1117 3299 iufamia
1134 3219 1248 3280 eil-ouo?
1314 3221 1315 3264 Τ

156 3324 276 3387 Iliorum
298 3328 421 3405 scriptor
440 3327 533 3388 tribue
555 3325 718 3386 cervicibus
737 3324 831 3385 furem
851 3324 944 3384 veluti
961 3341 1068 3383 novum
1083 3321 1249 3398 Geryonem
1314 3311 1315 3369 l

156 3434 274 3490 coronat
295 3427 344 3510 (V.
364 3430 486 3492 Mortem
507 3428 672 3510 Herculis):
699 3428 843 3489 Maenalio
860 3427 955 3505 jacuit
974 3426 1078 3504 pulsus
1099 3424 1157 3485 trio
1179 3430 1248 3485 teor-

156 3548 229 3604 μονα
250 3549 342 3592 remo.

197 3633 282 3696 Unde
304 3636 369 3713 jam
397 3636 470 3696 illud
498 3635 620 3696 efficitur
648 3636 680 3696 in
705 3635 877 3712 fragmentis
906 3632 1024 3693 Diouem
1048 3632 1196 3709 ingenium
1218 3632 1249 3692 in

156 3736 244 3798 rebus
271 3735 457 3802 inveniendis
481 3738 577 3802 minus
601 3737 758 3802 iocundum
783 3737 924 3816 spectari,
945 3741 1034 3813 atque
1055 3740 1171 3814 poetam
1190 3754 1248 3797 nou
