2640 4400
404 547 450 596 Vix
467 562 538 598 unum
554 551 621 614 potes
637 545 717 597 infelix
734 545 876 610 requiescere
891 559 993 593 mensem

435 629 559 706 Etturpis
575 630 603 678 de
618 628 707 692 tejam
724 627 784 678 liber
800 626 859 676 ulter
877 627 929 675 erit.

212 733 269 791 Hio
289 747 416 792 annuam
436 732 633 792 exclusionem
654 729 819 805 amorisque
839 729 1118 804 redintegrationem
1135 746 1267 806 compre·

170 834 288 912 hendit,
310 835 404 894 idest
423 835 548 894 alterum
569 839 599 895 et
619 834 773 894 dimidium
794 851 911 893 annum.
942 831 1055 906 Quibus
1074 833 1179 910 positis
1201 851 1266 894 oon-

97 966 99 971 ·
171 936 302 1012 sequitur
328 935 451 996 Librum
478 935 607 996 Primum
627 935 771 1012 prodiisse
793 939 918 995 exeunte
939 951 1015 993 anno
1036 933 1265 1007 nocxxrffll,

172 1036 337 1098 Secundum
356 1037 562 1118 ocurrunt,
584 1038 734 1117 Tertium,
756 1038 923 1098 absolutum
943 1055 1019 1096 anno
1040 1035 1267 1096 DGOXXXVII

170 1139 330 1216 eodemque
350 1142 399 1200 vel
418 1141 550 1217 proxime
572 1141 707 1216 sequenti
728 1140 838 1216 publici
855 1140 933 1224 juris
953 1137 1063 1201 factum
1083 1139 1185 1200 fuisse.

211 1242 318 1303 Clades
338 1244 498 1304 Perusinae
509 1243 576 1324 (sub
588 1243 666 1320 qnod
676 1247 791 1320 tempus
801 1243 970 1319 Propertius
985 1241 1128 1322 nascitur)
1138 1287 1146 1322 ,
1157 1243 1266 1302 breves

169 1346 321 1423 Lycinnae
342 1363 455 1406 amores
476 1347 659 1422 simulatque
673 1346 789 1405 virilem
810 1349 908 1422 togam
926 1345 1028 1424 sumit,
1050 1345 1158 1405 deinde
1177 1346 1265 1422 quin·

169 1449 315 1527 quennale
335 1466 401 1509 oum
421 1448 550 1524 Cynthia
569 1448 671 1508 foedus
693 1451 823 1525 tempora
843 1448 994 1524 assignata
1010 1448 1174 1508 luculenter
1195 1467 1264 1508 con-

169 1549 293 1612 firmant.
314 1550 382 1610 Alio
396 1567 512 1626 quoque
529 1550 696 1610 testimonio
714 1553 847 1610 constant
858 1552 887 1608 et
898 1549 1060 1610 certissimo
1070 1548 1265 1609 fundamento

169 1653 309 1714 nituntur.
329 1652 430 1712 Justas
450 1652 582 1730 nuptias,
605 1671 623 1711 a
643 1651 749 1728 quibus
769 1669 889 1711 romana
908 1651 1047 1730 juventus
1064 1652 1128 1728 jam
1149 1651 1266 1711 ultimis

170 1753 348 1830 reipublicae
365 1754 543 1830 temporibus
564 1753 754 1831 abhorrebat,
774 1753 872 1812 Julius
893 1751 1016 1831 Caesar,
1039 1753 1178 1829 praemiis
1199 1772 1264 1830 pro·

168 1853 274 1930 positis
295 1872 342 1914 an.
364 1854 515 1916 Dcevffl
530 1856 637 1933 Juvare
658 1856 800 1915 voluerat.
837 1854 938 1914 Simile
961 1854 1075 1930 aliquid
1095 1853 1266 1932 Augustum

169 1972 217 2015 an.
237 1954 415 2034 Doexxvl
441 1976 612 2036 procurasse
634 1976 650 2017 e
672 1957 806 2018 Cornelio
827 1958 933 2017 Tacito
954 1955 1043 2037 (Ann.
1066 1957 1124 2038 HI)
1147 1977 1265 2036 compe-

169 2058 278 2136 rimus,
310 2060 469 2121 levioribus
500 2061 602 2137 poenis
633 2058 756 2120 domasse
788 2057 906 2118 additis.
949 2057 1106 2119 Crescente
1135 2060 1166 2118 in
1199 2061 1265 2120 dies

168 2162 345 2223 matrimonii
372 2163 456 2242 fuga,
486 2163 647 2240 Imperator
673 2161 838 2238 graviorem
865 2162 961 2237 legem
988 2162 1117 2240 rogavit,
1147 2179 1226 2240 quae
1248 2181 1265 2220 a

168 2264 279 2325 Senatu
308 2268 431 2342 probata
461 2267 562 2344 populi
593 2265 733 2340 suffragia
762 2282 821 2324 non
851 2264 929 2324 tulit.
961 2263 1117 2324 Suetonius
1143 2266 1263 2326 scribit:

170 2363 337 2446 (Octauius,
359 2367 411 2447 34)
437 2369 571 2444 „Legem
589 2367 626 2427 de
643 2366 816 2438 maritandis
833 2365 997 2442 ordinibus,
1009 2383 1099 2442 quum
1109 2366 1262 2443 aliquanto

171 2486 284 2545 ,quam
305 2476 453 2549 caeteras,
475 2471 606 2532 severius
627 2469 828 2546 emendasset,
845 2486 917 2544 prae
928 2470 1053 2529 tumultu
1063 2472 1261 2530 recusantium

171 2570 325 2648 ,perferre
351 2592 409 2634 non
436 2573 559 2650 potuit-'²
587 2573 717 2632 Invisam
745 2572 841 2646 legem
867 2571 1011 2632 sublatum
1032 2571 1100 2632 Sex.
1121 2572 1262 2634 Aurelius

170 2674 296 2750 jucunde
317 2677 497 2751 gratulatur:

400 2781 432 2828 At
449 2791 546 2843 magnus
565 2777 696 2827 Caesari..
713 2778 753 2828 sed
769 2793 867 2842 magnus
885 2778 970 2828 Caesar
986 2780 1010 2827 in
1028 2779 1112 2829 armis:

433 2860 542 2908 Devictus
558 2861 639 2925 gentes
655 2859 689 2909 nil
706 2859 730 2908 in
748 2875 826 2909 amore
842 2859 928 2909 valent.

401 2942 464 2991 Nem
481 2942 550 2991 citius
567 2946 659 3008 paterer
676 2945 746 3008 capnt
762 2942 807 2992 hoc
824 2941 939 2991 discedere
955 2942 1027 3002 collo,

294 3023 300 3034 ¹
353 3069 357 3078 ,
435 3025 512 3089 Quam
529 3039 622 3089 possem
638 3027 724 3090 nuptae
740 3025 837 3089 prodere
854 3039 931 3074 amore
946 3025 1015 3075 faces.

168 3111 257 3171 Brevi
285 3111 438 3189 interjecto
465 3119 594 3190 tempore
614 3113 773 3190 Cynthiam
793 3115 921 3192 deserit,
948 3115 1089 3192 objiciens
1110 3120 1261 3182 lustrioum
1312 3165 1313 3193 ,

168 3215 329 3276 servitium.
371 3215 477 3290 Elegia
510 3217 544 3276 de
572 3218 746 3279 maritandis
772 3237 825 3280 nos
855 3220 893 3279 ad
920 3239 1028 3281 annum
1054 3219 1262 3282 DOOXXXVI
1312 3202 1313 3266 i

168 3321 301 3395 revocat,
320 3319 413 3378 altera
431 3320 469 3380 ad
486 3318 722 3401 DOGXXXVII3
740 3323 848 3383 abhoc
865 3323 1108 3402 quinquedeme,
1127 3325 1260 3386 invenies

168 3437 245 3480 anno
273 3418 466 3480 Dccxxxn
492 3440 605 3484 amores
633 3441 698 3484 eum
726 3424 855 3501 Cynthia
882 3425 998 3486 initium
1019 3427 1140 3505 cepisse.
1181 3430 1260 3490 Hinc

168 3523 244 3585 ratio
282 3527 458 3605 temporum,
494 3545 581 3604 quam
618 3527 789 3607 innuebam,
829 3534 912 3589 extra
943 3530 1133 3592 dubitationis
1163 3533 1258 3593 aleam

167 3625 264 3704 posita
284 3629 337 3686 est

210 3727 242 3789 Si
262 3729 328 3806 quis
345 3729 432 3792 aliter
446 3731 555 3794 sentiat
572 3732 609 3792 de
627 3751 702 3795 anno
718 3735 812 3796 natali
822 3735 967 3812 aliterque
979 3737 1104 3816 accipiat
1116 3737 1258 3799 Perusino
