2642 4396
574 377 628 435 181

172 549 281 616 Testor
300 551 443 629 majorum
463 550 578 612 eineres
599 552 670 631 tibi,
691 551 800 630 Roma,
821 550 981 630 verendos,

214 651 276 714 Sub
296 669 418 729 quorum
437 653 549 732 titulis,
569 652 671 714 Assios
690 659 790 732 tonsa,
806 654 906 731 jaees,

171 759 221 821 lle
240 777 337 836 neque
357 775 500 820 oensurae
519 759 617 834 legem
637 757 783 837 mollisse,
803 773 858 818 neo
877 757 941 818 ulla

211 863 295 926 Labe
315 881 383 924 mea
402 867 515 923 vestros
537 863 689 923 erubuisse
708 862 797 923 focos.
1107 866 1148 925 40

170 967 239 1028 Nou
258 965 315 1028 fuit
334 965 450 1026 exuviis
470 967 562 1026 tentis
581 963 717 1026 Cornelia
737 965 891 1046 damnum,

211 1070 291 1146 Quin
311 1074 376 1132 erat
396 1074 427 1130 et
446 1087 571 1147 magnae
591 1087 661 1148 pars
681 1069 825 1130 imitanda
845 1069 957 1130 domus.

170 1173 236 1236 Neo
255 1190 323 1234 mea
342 1175 456 1232 mutata
476 1175 522 1232 est
542 1175 641 1232 aetas:
663 1171 727 1231 sine
748 1171 870 1232 erimine
889 1174 953 1232 tota
972 1177 1034 1252 est3

210 1275 348 1336 Viximus
369 1275 500 1350 insignes
521 1272 597 1334 inter
616 1277 771 1350 utramque
791 1272 894 1334 facem.

169 1379 212 1442 lli
232 1384 338 1442 natura
358 1377 442 1439 dedit
460 1379 543 1455 leges
564 1396 583 1438 a
604 1377 747 1455 sanguine
768 1377 888 1457 ductas,
1105 1377 1145 1440 45

209 1483 258 1545 Ne
276 1499 394 1562 possem
413 1481 516 1542 melior
531 1479 643 1559 jndieis
664 1497 729 1543 esse
750 1483 839 1540 metu.
1168 1468 1173 1477 ’

171 1585 330 1662 Quaelibet
350 1587 483 1646 austeras
504 1583 541 1644 de
562 1601 610 1644 me
629 1583 706 1645 ferat
725 1601 785 1644 uua
804 1583 947 1663 tabellas,

212 1687 340 1768 'Iurpior
359 1685 483 1748 adsessu
503 1703 561 1746 uon
581 1685 638 1745 erit
658 1685 721 1745 ulla
739 1702 815 1746 meo.

170 1784 228 1848 Vel
247 1787 281 1846 tu
301 1801 377 1861 quae
397 1783 512 1844 tardam
532 1782 651 1844 movisti
672 1781 741 1842 fune
762 1779 920 1861 cyneam,

210 1886 351 1966 Claudia,
372 1887 496 1947 turritae
516 1905 584 1947 rara
603 1886 739 1947 ministra
759 1885 856 1964 Deae3
1099 1885 1146 1946 50

171 1992 229 2054 Vel
250 1992 316 2072 oui,
338 1992 506 2054 commissos
527 2009 617 2068 quum
637 1991 731 2053 Vesta
750 1995 916 2068 reposceret
935 1991 1036 2068 ignes,

210 2094 355 2156 Exhibuit
374 2096 458 2156 vivos
477 2097 617 2156 carbasus
638 2096 706 2156 alba
725 2095 812 2156 foeos.

169 2198 235 2259 Nee
253 2201 300 2277 te,
320 2196 407 2258 duloe
428 2201 531 2276 eaput,
552 2201 647 2257 mater
668 2197 836 2276 Scribonia,
857 2197 947 2276 laesi3
1014 2181 1017 2187 ¹

210 2299 246 2360 ln
266 2317 314 2360 me
335 2302 479 2360 mutatum
500 2299 572 2374 quid
592 2299 650 2360 nisi
670 2298 731 2358 iata
751 2297 851 2358 velis?

170 2403 313 2463 Maternis
333 2402 437 2463 laudor
457 2401 602 2481 laerimis,
623 2401 764 2478 urbisque
784 2401 927 2479 querelis,
1105 2398 1145 2458 55

210 2506 341 2568 Defensa
361 2511 392 2567 et
411 2505 524 2582 gemitu
544 2503 681 2566 Caesaris
702 2497 769 2566 o'ssa
789 2522 865 2566 mea.
940 2519 943 2525 '

171 2610 226 2672 Ille
247 2628 301 2670 sua
321 2614 392 2670 nata
412 2610 533 2686 dignam
555 2609 666 2670 vixisse
687 2627 815 2670 sororem

210 2713 368 2792 Increpat,
390 2718 420 2774 et
439 2713 578 2775 lacrimas
598 2713 726 2774 vidimus
747 2714 791 2774 ire
811 2713 884 2774 Deo.

154 2811 253 2878 'Haeo
272 2822 318 2880 est
337 2818 458 2880 feminei
478 2836 591 2880 meroes
612 2823 744 2878 extrema
764 2816 924 2897 triumphi,

209 2920 328 2982 Laudat
347 2921 398 2982 ubi
420 2921 572 2982 emeritum
592 2921 687 2982 libera
706 2921 786 2982 fama
805 2925 909 2980 torum.
1105 2921 1145 2981 60

170 3023 306 3084 Vidimus
327 3027 358 3082 et
377 3022 497 3083 fratrem
518 3023 621 3084 sellam
642 3023 809 3100 geminasse
830 3023 976 3100 curulem,

208 3125 336 3187 Oonsule
356 3144 414 3203 quo
435 3125 542 3186 infecto
561 3129 693 3202 tempore
714 3130 800 3204 rapta
819 3142 909 3185 soror.

169 3229 210 3289 Et
229 3232 329 3290 tamen
350 3229 461 3289 emerui
482 3245 639 3305 generosos
659 3229 752 3289 vestis
772 3227 914 3306 honores,

209 3331 274 3392 Nee
295 3350 362 3393 mea
382 3332 420 3393 de
441 3331 535 3393 stem‘li
555 3330 635 3391 faeta
654 3331 759 3408 rapina
779 3332 873 3392 domo.

169 3435 210 3496 ut
228 3435 305 3495 bene
326 3434 432 3495 habet:
453 3451 612 3510 numquam
633 3437 728 3494 mater
747 3433 885 3511 lugubria
906 3433 1034 3512 sumpsi,
1104 3434 1143 3494 65

209 3537 300 3599 Venit
320 3539 351 3598 in
371 3538 513 3614 exequias
533 3540 596 3598 tota
615 3541 736 3598 caterva
755 3555 845 3597 meas.

171 3641 236 3721 Tu,
256 3641 387 3720 Lepide,
409 3645 438 3702 et
459 3646 506 3721 tu,
527 3641 647 3719 Paulle,
668 3657 765 3700 meum
785 3643 852 3717 post
871 3638 933 3699 fata
952 3639 1102 3717 levamen,

209 3743 337 3807 Condita
355 3750 423 3808 suut
442 3749 541 3808 vestro
561 3745 674 3806 lumina
692 3748 793 3806 nostra
813 3745 888 3805 sinu.
