2624 4398
698 318 736 377 96

202 491 242 540 11.
277 491 350 541 codd.
366 505 414 540 sea
430 490 476 541 s'lle
492 490 610 557 relinquet
626 493 720 543 ocellos.
738 491 845 542 Arduum
863 494 899 542 est
912 492 1000 559 eliquit
1009 492 1252 545 elioereexaocusaliro

167 575 267 634 ocellos,
284 573 330 623 nisi
345 573 474 638 intelligere
490 573 548 622 velis
566 573 693 638 cynthiam
712 574 791 624 oculos
806 575 895 625 emanti
919 573 1034 640 unguibus
1052 576 1180 625 searificere
1193 577 1252 638 atque
1290 563 1291 594 l

168 656 266 706 effodere
279 656 413 705 assuevisse.
439 656 500 705 Cum
517 655 640 705 Fonteinia
657 655 753 722 scripsi:
771 671 819 707 aar
836 659 888 706 alla
906 657 1026 724 relinquet
1043 659 1132 708 saeuis.
1167 659 1196 707 In
1211 657 1251 704 Er·

168 738 254 804 cerptis
270 737 382 803 scaligeri
398 738 484 803 legitur
501 754 593 804 quoque
609 739 699 788 ocellis.

201 825 243 878 20.
277 828 351 879 codd.
368 829 468 880 domum.
485 828 597 880 Heinsius
613 827 715 878 malebat
731 828 808 880 dome.
833 828 879 880 Sed
896 829 964 882 altre
980 830 1052 880 mem
1067 845 1121 881 cum
1136 828 1253 880 aecmetiro

169 911 303 977 usurpatur.

510 1073 786 1141 ELEGIA
830 1074 923 1142 XIX.

591 1168 842 1256 FRAGMENTA.

440 1306 522 1369 (codd.
549 1308 579 1366 6,
605 1307 689 1358 Burm.
714 1307 744 1367 5,
770 1308 869 1357 Lachm.
895 1309 923 1368 6,
950 1309 998 1370 ΙΙ.)

205 1420 270 1470 Hsec
286 1422 310 1470 et
326 1421 457 1485 fragmenta
474 1436 531 1488 quse
549 1423 687 1486 sequuntur,
706 1421 801 1471 Codices
819 1421 993 1486 conglutinant,
1009 1425 1033 1472 et
1046 1421 1225 1488 versusparmis·

238 1505 290 1552 cent
305 1502 370 1551 nulla
386 1503 554 1554 sententiarum
571 1504 729 1563 cohaerentis,
746 1504 819 1554 immo
833 1505 954 1554 sententiis
972 1520 1039 1570 saepe
1055 1502 1226 1570 refragantibus.

237 1585 274 1635 Ad
296 1584 341 1635 duo
364 1586 467 1636 carmina
486 1587 597 1637 distinctu
620 1588 725 1652 prolecto
747 1587 877 1653 pertinent,
901 1586 985 1652 quibus
1002 1586 1072 1653 plure
1089 1587 1176 1636 desunt.
1199 1585 1224 1632 In

237 1667 282 1716 hoc
304 1670 373 1734 poeta
394 1669 479 1718 ac1itcr
495 1669 634 1734 perstringit
650 1672 769 1718 matroms
786 1684 856 1734 quac,
874 1669 952 1719 nteit
970 1669 1064 1728 Livius,
1082 1669 1146 1719 nulla
1161 1682 1227 1732 neque

237 1751 374 1800 verecundie
395 1768 468 1818 neque
489 1752 596 1802 virorum
617 1752 716 1818 imperio
738 1751 853 1804 eontineri
873 1751 954 1800 limine
975 1755 1098 1816 poterant;
1121 1753 1146 1801 in
1161 1749 1226 1799 sltero

237 1834 367 1885 detestetur
382 1835 492 1886 obscenas
508 1837 624 1903 picturas,
642 1834 725 1900 quibus
743 1835 842 1900 parietes
859 1820 999 1884 domesticas
1006 1833 1156 1884 variabantur
1163 1847 1225 1896 argu-

238 1918 322 1968 mentis
337 1919 396 1985 ipsis
412 1919 440 1968 ad
458 1919 545 1969 crimen
561 1917 720 1968 mutantibus.
1292 1911 1293 1992 l

292 2143 348 2204 His
369 2143 451 2222 olim,
473 2145 506 2204 ut
525 2141 606 2203 tama
626 2147 686 2222 est,
707 2142 789 2203 vitiis
810 2141 849 2202 ad
870 2141 984 2219 praelia
1004 2143 1139 2218 ventum,

333 2248 389 2308 His
409 2247 540 2324 'trojana
560 2246 644 2306 vides
665 2245 769 2307 lunera
788 2244 951 2323 principiis.

292 2349 408 2428 Aspera
427 2350 590 2413 Centauros
612 2350 716 2412 eedem
737 2349 886 2412 dementia
902 2348 995 2425 jussit

332 2455 482 2532 Frangere
504 2456 535 2515 in
555 2454 711 2514 adversum
730 2454 837 2530 poeula
857 2451 1038 2512 Pirothoum.

294 2556 354 2618 Gur
375 2558 510 2635 exempla
529 2561 629 2635 petam
650 2556 797 2635 Grajum?
819 2560 853 2616 tu
873 2555 1004 2616 criminis
1024 2557 1140 2633 auctor,
1238 2545 1252 2604 5

333 2661 470 2724 Nutritus
490 2662 579 2741 duro,
599 2661 739 2740 Romule,
761 2661 838 2722 lacte
859 2660 957 2736 lupae.

295 2763 344 2823 Tu
364 2780 468 2839 repere
489 2763 614 2825 intactas
635 2762 761 2825 docuisti
782 2763 901 2839 impune
922 2760 1065 2840 Sabinas3

335 2866 393 2926 Per
413 2870 443 2927 te
463 2883 540 2928 nunc
560 2867 671 2928 Romae
692 2866 838 2944 quidlibet
858 2865 948 2926 audet
968 2862 1068 2924 Amor.

296 3065 424 3143 Temple
443 3065 608 3126 Pudicitiae
630 3065 701 3142 quid
722 3083 795 3143 opus
815 3064 956 3124 statuisse
976 3061 1100 3141 puellis,

336 3166 369 3227 Si
390 3166 483 3228 cuivis
503 3171 614 3244 nuptae
634 3168 766 3244 quolibet
786 3168 829 3228 ire
849 3166 944 3228 licet?
1225 3157 1255 3216 1θ

299 3269 359 3331 Sed
380 3289 439 3332 non
459 3271 605 3332 immerito
625 3271 737 3332 velavit
758 3288 868 3330 aranea
888 3269 989 3330 lanum

337 3374 378 3434 Et
397 3375 477 3434 mela
497 3374 628 3435 desertos
649 3378 771 3451 occupat
791 3373 884 3434 herba
904 3372 984 3434 deos.

299 3475 387 3535 Felix
408 3476 527 3537 Admeti
548 3477 655 3554 conjux
676 3481 705 3536 et
726 3477 819 3537 lectus
840 3475 939 3536 Ulixis

338 3578 379 3638 llt
398 3596 599 3656 quaecumque
619 3580 677 3640 viri
696 3578 806 3639 femina
826 3579 919 3641 limen
939 3578 1034 3638 amati

230 3713 254 3763 6.
288 3711 517 3764 Nutritur-lamule.
534 3711 614 3776 Hujus
629 3712 810 3762 constructionis
828 3711 933 3777 exempla
948 3726 1040 3777 quoque
1054 3700 1254 3778 pectorosus
