2624 4398
688 357 729 420 50

282 537 369 598 Hunc
387 531 506 596 infamis
527 548 608 593 amor
627 527 723 594 versis
742 527 815 590 dare
835 530 921 605 terga
941 527 1048 590 carinis
1220 525 1260 586 35

321 637 431 717 Jnssit,
453 640 483 698 et
503 638 634 696 extremo
654 649 796 711 quaerere
816 631 847 694 in
867 631 938 692 orbe
958 629 1066 708 fugam.

282 741 342 804 Sed
362 756 559 817 quascumque
579 736 635 799 tibi
655 739 770 816 vestes,
791 751 988 813 quoscumque
1008 731 1199 814 smaragdos,

322 843 439 920 Quosve
459 842 541 904 dedit
559 839 638 902 flavo
656 839 767 902 lumine
787 837 1000 918 chrysolithos,

282 947 365 1010 Haec
385 945 503 1007 uideam
523 944 643 1022 rapidas
663 943 695 1004 in
714 961 823 1004 vanum
842 942 918 1005 serre
939 943 1099 1023 procellas,

322 1049 406 1125 Quae
425 1049 481 1110 tibi
501 1051 595 1126 terra,
617 1045 725 1125 uelim,
747 1063 826 1122 quae
844 1045 902 1108 tibi
920 1045 973 1108 fiat
993 1063 1080 1126 aqua.
1220 1047 1262 1104 40

285 1152 394 1231 Aspice
415 1151 487 1228 qnid
507 1150 591 1211 donis
611 1147 758 1226 Eriphyla
777 1148 891 1210 invenit
910 1149 1036 1229 amaris,

321 1255 436 1316 Arserit
457 1257 487 1316 et
506 1254 625 1331 quantis
645 1257 738 1331 nupta
758 1253 870 1316 Creusa
889 1255 985 1316 malis.

283 1359 351 1420 Non
370 1363 486 1435 semper
505 1357 641 1435 placidus
661 1357 794 1436 perJnros
814 1357 892 1420 ridet
912 1361 1045 1420 amantes

322 1463 476 1540 luppiter,
498 1465 528 1522 et
549 1462 639 1523 surda
659 1462 785 1539 negligit
805 1479 878 1522 anre
897 1479 1008 1540 preces.

283 1565 409 1627 Vidistis
429 1569 490 1626 tote
511 1565 624 1626 sonitus
643 1582 813 1643 percurrere
833 1567 933 1645 coelo,

323 1670 519 1747 Fulminaque
540 1670 672 1732 aetheria
692 1670 849 1732 desiluisse
869 1670 972 1732 domo:

283 1773 351 1834 Non
369 1772 444 1834 haec
464 1773 602 1834 Pleiades
621 1772 733 1834 faciunt
752 1791 849 1850 neque
869 1790 997 1850 aquosus
1016 1769 1123 1849 Orion,

323 1879 387 1938 Neo
407 1878 451 1939 sio
471 1877 508 1938 de
528 1876 623 1938 nihile
642 1876 776 1938 fulminis
796 1877 842 1937 ira
860 1877 950 1938 eadit.

285 1979 423 2059 PerJuras
443 1985 513 2042 tunc
533 1980 584 2041 ille
605 1982 680 2042 solet
699 1979 803 2057 punire
822 1980 953 2060 puellas,

324 2085 472 2161 Deceptus
494 2083 632 2160 quoniam
650 2083 733 2143 derit
754 2082 868 2160 etipse
889 2083 971 2144 deus.

287 2186 384 2262 Quare
404 2206 442 2249 ne
461 2188 517 2249 tibi
537 2188 577 2249 sit
597 2187 672 2248 tanti
693 2187 815 2248 Sidonia
834 2187 941 2266 vestis,

325 2292 367 2352 Ut
386 2291 507 2372 timeas,
528 2291 643 2368 quoties
664 2291 782 2352 nubilus
802 2289 911 2352 Auster
932 2291 996 2352 erit.

288 2393 423 2455 Scribant
443 2394 481 2455 de
500 2397 530 2454 te
551 2394 604 2454 alii
624 2395 674 2455 vel
694 2395 735 2455 sis
755 2395 857 2471 ignota
877 2394 994 2455 licebit:

327 2495 443 2558 Laudat
463 2497 515 2574 qui
536 2497 630 2557 sterili
650 2497 764 2558 semina
783 2497 866 2575 ponit
885 2495 983 2558 humo.

289 2598 410 2680 Omnia,
430 2600 517 2662 creda
537 2600 627 2681 mihi,
648 2618 748 2662 secum
766 2619 825 2663 uno
845 2619 967 2662 munera
986 2601 1062 2662 lecto
1231 2598 1271 2657 55

327 2703 450 2766 Auferet
471 2704 595 2765 extremi
614 2704 726 2766 limeris
747 2709 813 2766 atra
833 2705 914 2784 dies,

289 2807 329 2871 nt
348 2812 400 2870 tus
419 2809 557 2870 transibit
578 2812 765 2871 contemnens
785 2827 853 2871 ossa
872 2811 985 2888 viator,

329 2911 394 2975 Nec
414 2910 508 2974 dicet:
533 2909 639 2988 „Oinis
659 2910 708 2973 hio
729 2912 815 2974 docta
835 2913 935 2990 puella
954 2911 1039 2975 fnit.”

223 3174 272 3227 list
281 3177 304 3228 6.
339 3175 393 3228 ilco
410 3175 527 3228 distichon
545 3175 620 3228 Oodd.
638 3175 754 3228 collocant
770 3179 825 3244 post
841 3193 865 3227 v.
882 3176 922 3226 22.
948 3175 1034 3241 Apilat
1050 3173 1150 3238 scrupis
1165 3171 1276 3224 samnis

173 3257 258 3310 lumbis
280 3257 442 3310 obscenissime
463 3259 551 3310 dietum
574 3260 680 3310 nonnulli
703 3261 895 3326 interpretantur.
926 3259 988 3308 Mihi
1005 3272 1141 3324 persuasum
1158 3254 1276 3304 estnihil

173 3339 235 3391 aliud
249 3340 379 3408 significare
394 3357 463 3408 quarn
478 3341 540 3408 quod
552 3340 651 3408 legimns
667 3342 693 3392 in
711 3341 822 3400 Horatio,
842 3341 943 3406 Epodon
957 3341 1016 3389 XV:
1033 3341 1069 3389 ut
1085 3344 1112 3388 ta
1129 3337 1276 3402 quicumque

173 3439 197 3474 es
207 3423 321 3489 felicior,
344 3429 416 3491 atque
433 3439 482 3476 mse
505 3439 568 3476 nuno
591 3425 708 3491 Superbus
731 3423 822 3474 incedis
839 3426 909 3473 malo.
926 3423 1014 3472 Eodem
1030 3424 1078 3471 lere
1095 3420 1163 3470 modo
1182 3422 1276 3470 Noster

173 3505 210 3559 ut.
228 3507 262 3560 ll:
291 3505 337 3564 eui
353 3523 416 3559 auno
431 3523 457 3559 se
473 3507 499 3558 iss
516 3505 632 3558 tumidum
643 3507 764 3571 jactando
781 3506 845 3556 cecil
862 3507 980 3556 honoras.
1008 3505 1062 3570 Qus
1078 3503 1107 3552 de
1122 3517 1149 3552 re
1164 3501 1276 3551 'l'nrncbo

173 3588 281 3640 mesdeus
298 3589 330 3640 sic
342 3589 458 3657 intelligor
478 3587 651 3648 barborusillo,
666 3586 753 3638 lumbis
764 3589 854 3637 Venere
869 3586 1001 3645 exhaustis,
1018 3585 1121 3635 tumidus
1138 3588 1161 3634 st
1177 3583 1275 3634 inflatus

173 3669 259 3724 insedit
284 3671 414 3739 magnillus.
448 3669 567 3724 Juvenulis
590 3671 634 3721 Sat
657 3669 742 3730 x111,
766 3685 790 3720 v.
813 3670 875 3720 2442
902 3667 1024 3719 Dabitis
1047 3670 1157 3732 laqueum
1172 3667 1275 3731 asapia

174 3759 253 3808 noster
271 3753 392 3826 Persidos.
411 3753 517 3806 Catullus
536 3751 632 3804 unlus
652 3752 763 3804 Gasdida
773 3753 924 3818 percalcans
937 3750 1036 3816 liquidis
1052 3748 1154 3815 asclipio
1162 3750 1276 3814 lymphis.
