2642 4396
292 545 442 606 Exorabat
461 562 534 622 opus
554 545 652 604 verbis
672 561 725 604 seu
745 544 854 604 blanda
873 550 1010 624 perurat„

332 648 511 711 Saxosamve
531 653 608 708 terat
627 648 731 709 sedula
751 651 838 726 culpa
858 649 952 709 viarm

296 750 354 828 „si
372 756 404 812 te
424 752 488 813 an
507 752 705 812 Dorozantum
719 751 808 828 juvat
828 768 916 810 aurea
935 751 1016 830 ripa„

335 855 398 929 „Et
417 871 494 930 quae
514 855 570 915 sub
590 855 685 930 Tyria
704 853 815 913 concha
835 853 968 929 superbit
987 869 1083 931 aqua„

217 1005 219 1010 .
294 957 520 1034 „Eurypylique
540 958 637 1033 placet
658 955 734 1016 Coae
755 960 872 1016 textura
891 957 1057 1035 Minervae„

334 1060 502 1144 „Sectaque
523 1061 561 1121 ab
581 1059 718 1122 Attalicis
737 1060 835 1140 putria
856 1060 1046 1138 signaturis„

295 1162 376 1238 „Seu
396 1180 473 1239 quae
493 1163 663 1240 palmiferae
683 1163 802 1222 mittunt
822 1163 940 1221 venalia
959 1161 1096 1240 Thebae,
1227 1163 1260 1222 25
1298 1173 1299 1180 ’

334 1265 551 1341 „Murrheaque
571 1265 603 1324 in
622 1263 740 1324 Parthis
760 1265 866 1339 pocula
886 1267 968 1324 cocta
988 1263 1075 1325 focis:

294 1368 428 1446 „Sperne
448 1368 552 1447 fidem„
572 1370 710 1445 prouolue
730 1368 820 1446 deos„
841 1368 994 1455 mendacia
1013 1369 1147 1447 vincant„

333 1473 473 1549 „Frange
494 1477 524 1532 et
543 1472 701 1532 damnosae
716 1472 786 1548 jura
805 1472 974 1548 pudicitiae.

294 1575 356 1649 „ut
376 1577 514 1636 simulare
533 1577 628 1635 virum
648 1567 773 1653 pretium
793 1575 872 1656 facit;
893 1580 977 1636 utere
997 1575 1110 1636 causis:

333 1677 447 1754 „Major
467 1677 559 1736 dilata
578 1681 662 1737 nocte
682 1681 812 1736 recurret
831 1695 920 1737 amor.
1222 1680 1258 1737 30

293 1778 348 1855 „Si
367 1781 422 1841 tibi
442 1780 516 1840 forte
536 1797 633 1841 comas
653 1781 807 1841 vexaverit
827 1781 909 1839 utilis
930 1779 990 1857 ira„

259 1923 260 1927 =
333 1884 426 1958 „Post
446 1884 679 1944 modomercata
699 1901 771 1960 pace
792 1882 966 1959 premendus
987 1883 1051 1941 erit.

294 1987 450 2063 „Denique
470 1987 521 2046 ubi
542 1989 678 2064 amplexu
698 1987 843 2047 Venerem
863 1988 1031 2063 promiseris
1052 1993 1165 2067 empto„

333 2088 418 2163 „Fac
438 2088 558 2148 simules
578 2106 666 2165 puros
686 2089 775 2148 Isidis
796 2105 861 2150 esse
882 2090 961 2169 dies„

270 2191 435 2268 „Ingeret
454 2190 573 2269 Apriles
594 2190 655 2252 ldie
676 2192 746 2269 tibi„
766 2192 871 2252 tundat
890 2191 1030 2270 Amycle,
1219 2193 1254 2252 35

333 2294 493 2367 „Natalem
513 2293 600 2370 Majis
620 2292 722 2353 Idibus
742 2311 807 2353 esse
826 2297 917 2353 tuum.

294 2393 445 2472 „Supplex
465 2395 516 2454 ille
537 2395 635 2456 sedet:
656 2396 752 2473 posita
771 2400 803 2454 tu
824 2396 918 2456 scribe
940 2396 1080 2457 cathedra

332 2497 520 2574 „Quidlibett
540 2498 595 2559 has
615 2504 693 2560 artes
714 2500 740 2560 si
760 2505 849 2577 pavet
869 2501 935 2580 ille„
957 2505 1049 2561 tenes.

292 2601 437 2678 „Semper
455 2601 531 2662 habe
551 2620 663 2662 morsus
684 2603 761 2662 circa
780 2607 832 2662 tna
852 2606 927 2665 oolla
947 2609 1099 2683 recentes„

333 2703 473 2778 „Litibus
493 2704 615 2764 alternis
635 2722 707 2780 quos
727 2710 811 2782 putet
831 2724 896 2766 esse
917 2705 1010 2767 datos.
1213 2706 1246 2762 lo

292 2807 379 2882 „Nec
399 2811 429 2865 te
448 2807 570 2866 Medeae
591 2808 737 2867 delectent
756 2808 863 2885 probra
882 2809 1032 2884 sequacis3

332 2909 469 2986 „Nempe
490 2909 558 2969 tulit
577 2909 670 2970 fastus
690 2927 763 2969 ausa
782 2928 885 2986 rogare
906 2911 1007 2997 prior:-

293 3012 375 3087 „Sed
394 3013 492 3089 potius
512 3012 612 3072 mundi
633 3012 728 3072 Thais
747 3013 876 3089 pretiosa
896 3013 1069 3093 Menandri„

332 3115 426 3191 „Cum
446 3115 514 3175 ferit
534 3120 646 3176 astutos
667 3116 777 3176 comica
796 3115 918 3176 moecha
939 3116 1039 3176 Getas.

292 3219 351 3294 „In
370 3237 464 3280 mores
484 3223 514 3279 te
534 3223 616 3279 verte
636 3220 710 3279 viri:
731 3221 757 3280 si
778 3220 893 3279 cantica
908 3220 1019 3297 jactat„
1211 3212 1244 3273 rt

331 3321 369 3394 „I
391 3339 486 3382 comes
507 3326 537 3381 et
557 3339 643 3383 voces
664 3322 746 3382 ebria
761 3323 853 3400 junge
873 3326 950 3382 tuas.

291 3423 428 3497 „Janitor
448 3425 487 3484 ad
507 3425 610 3485 dantes
631 3425 751 3501 vigilet:
772 3427 798 3486 si
818 3426 916 3503 pulset
937 3425 1049 3505 inanis„

331 3525 465 3600 „Surdus
485 3528 517 3587 in
536 3527 691 3588 obductam
712 3529 835 3589 somniet
855 3545 948 3604 usque
969 3547 1074 3590 seram.

292 3629 377 3703 „Nec
398 3628 453 3688 tibi
473 3629 630 3706 displiceat
650 3632 735 3692 miles
755 3651 812 3692 non
832 3631 927 3692 factus
948 3633 1055 3710 amori„

331 3733 454 3807 „Nauta
473 3751 528 3794 nee
549 3734 666 3812 attuta„
687 3734 713 3794 si
733 3734 809 3794 ferat
829 3723 915 3813 aera„
935 3753 1039 3814 manu„
1211 3731 1244 3790 50
