2640 4400
704 309 723 370 8

286 487 373 548 Nunc
392 483 482 545 otiam
502 481 641 561 infectos,
662 482 797 561 demens,
817 480 935 542 imitare
954 480 1129 562 Britannos,

326 586 420 649 Ludis
440 590 471 646 et
490 588 611 644 externo
631 583 723 644 tincta
742 583 837 644 nitore
857 582 970 660 caput?

286 692 327 754 Ut
347 694 453 750 natura
472 688 573 767 dedit,
594 687 637 748 sic
657 687 751 748 omnis
771 690 853 748 recta
872 686 967 764 figura
987 691 1048 749 est:

327 794 438 872 lurpis
456 793 588 854 Romano
608 791 746 868 Belgicus
766 809 816 852 ore
837 792 924 853 color.

286 897 335 958 An
355 897 381 956 si
402 896 535 959 caeruleo
556 895 701 971 quaedam
721 913 776 956 sua
795 899 927 973 tempora
947 893 1012 956 fuco

328 1000 480 1078 Tinxerit,
501 999 609 1059 idcirco
630 999 748 1059 caerula
766 996 859 1060 forma
878 999 956 1059 bona
975 996 1042 1059 est?

237 1139 240 1145 ,
287 1102 336 1163 Illi
356 1101 411 1163 sub
431 1101 517 1162 terris
537 1100 608 1161 liant
628 1102 707 1166 mala
726 1101 819 1161 multa
838 1101 968 1180 puellae,

328 1204 412 1280 Quae
431 1205 555 1265 mentita
575 1223 644 1266 suas
664 1205 753 1264 vertit
773 1205 874 1281 inepta
895 1205 1009 1267 comas!
1053 1207 1055 1212 ’

286 1309 332 1369 De
351 1325 414 1386 me,
435 1307 476 1366 mi
496 1310 573 1368 certe
593 1307 703 1384 poteris
723 1306 849 1367 formosa
868 1306 979 1387 videri,
1085 1349 1087 1355 ,

325 1412 368 1470 Mi
387 1410 514 1472 formosa
533 1413 580 1470 sat
601 1427 649 1488 es,
670 1410 802 1470 simodo
822 1428 912 1487 saepe
932 1411 1025 1472 venis.

286 1513 380 1575 Crede
400 1512 489 1592 mihi,
511 1531 568 1572 non
588 1513 650 1572 ulla
670 1517 739 1573 tuae
760 1517 806 1574 est
825 1513 972 1576 medicina
991 1513 1120 1596 figura03

324 1617 430 1677 Nudus
450 1614 541 1676 Amor
560 1614 670 1676 formae
690 1635 748 1676 non
768 1620 847 1676 amat
868 1616 1019 1697 artificem.

286 1719 410 1799 Aspice,
431 1735 504 1794 quos
524 1718 679 1778 summittit
699 1718 805 1778 humus
825 1717 951 1780 fumosa
971 1721 1098 1801 colores,

325 1823 365 1882 lut
384 1821 505 1882 veniant
522 1820 651 1880 hederae
670 1825 773 1898 sponte
795 1839 849 1882 sua
868 1823 991 1904 melius;

286 1923 394 2001 Surget
413 1929 444 1985 et
464 1925 495 1985 iu
516 1925 586 1986 solis
606 1923 720 1985 felicior
740 1925 860 1985 arbutus
881 1925 992 2005 antris,

326 2028 368 2088 Et
386 2027 462 2088 sciat
481 2027 623 2088 indociles
643 2044 759 2088 currere
779 2027 903 2104 lympha
921 2028 996 2090 vias.

286 2131 389 2192 Litora
407 2130 518 2192 nativis
539 2131 683 2191 collucent
703 2132 783 2208 picta
803 2131 931 2210 lapillis,

328 2235 367 2294 Et
387 2235 521 2295 volucres
541 2234 624 2294 nulla
644 2234 759 2295 dulcius
782 2239 845 2296 arte
865 2238 981 2296 canunt.

287 2339 354 2400 Non
373 2338 417 2400 sic
436 2336 596 2414 Leucippis
616 2337 766 2397 succendit
786 2335 909 2398 Castora
929 2335 1061 2417 Phoebe,

327 2442 477 2502 Pollucem
498 2441 578 2500 cultu
597 2458 656 2499 non
677 2439 793 2498 Hilal'ra
811 2457 907 2520 sor0r3

289 2545 357 2606 Non
377 2545 464 2624 Idae,
487 2548 517 2604 et
537 2544 642 2621 cupido
663 2542 808 2620 quondam
829 2543 975 2605 discordia
995 2543 1130 2625 Phoebo,

330 2645 425 2705 Eueni
445 2645 550 2722 patriis
569 2643 632 2704 filia
651 2643 801 2724 litoribus3

291 2733 359 2811 Non
378 2747 541 2826 Phrygium
561 2747 635 2809 falec
656 2748 747 2808 traxit
768 2749 892 2809 candore
913 2748 1050 2810 maritum

330 2850 444 2912 Avecta
464 2851 593 2912 externis
612 2852 810 2929 Hippodamia
829 2852 910 2912 rotis.

292 2953 351 3015 Sed
371 2953 464 3015 facies
485 2952 588 3014 aderat
607 2954 697 3014 nullis
718 2955 843 3015 obnoxia
862 2955 986 3030 gemmis
997 2999 1005 3034 ‚

330 3057 433 3133 Qualis
453 3056 586 3135 Apelleis
607 3062 651 3119 est
672 3060 749 3119 color
769 3059 800 3118 in
820 3057 938 3120 tabulis.

290 3163 357 3224 Non
377 3161 437 3222 illis
458 3161 587 3222 studium
606 3162 696 3238 vulgo
715 3161 885 3238 conquirere
906 3163 1054 3241 amantes3

329 3265 394 3326 Illis
414 3266 513 3342 ampla
532 3265 605 3326 satis
625 3266 732 3345 forma,
753 3266 904 3344 pudicitia.

290 3369 358 3429 Non
378 3385 432 3444 ege
451 3384 529 3429 nunc
547 3385 650 3428 verear
669 3385 707 3428 ne
727 3369 783 3430 sim
803 3369 858 3429 tibi
878 3368 965 3429 vilior
984 3367 1079 3430 istis?
1229 3370 1268 3430 35

331 3471 391 3532 Uni
411 3471 437 3532 si
457 3487 516 3548 qua
535 3472 648 3552 placet,
670 3474 749 3533 culta
768 3474 869 3551 puella
888 3477 935 3535 sat
955 3477 1018 3553 est;

292 3572 366 3636 Cum
385 3573 441 3634 tihi
460 3574 634 3652 praesertim
654 3574 790 3637 Phoebus
810 3593 865 3637 sua
885 3575 1015 3636 carmina
1034 3574 1138 3654 donet,

332 3675 516 3754 Aoniamque
536 3676 631 3740 libens
652 3675 803 3756 Oalhopea
823 3679 933 3758 lyram3
