2642 4396
575 375 633 436 199

87 548 129 599 uu
164 549 237 598 omn.
260 533 286 596 οἱ
307 549 382 615 nep.
409 547 494 598 raras
516 547 604 606 eane
621 547 791 610 nummu,
810 549 951 602 umerum
967 555 992 602 at
1008 535 1047 602 alii
1069 552 1150 603 rarae

50 645 151 680 manue:
170 630 275 695 Scaliger
290 629 420 680 emendavit
442 629 506 680 ratio
522 630 603 680 Oura.

576 820 632 888 IV.

407 949 802 1004 uuaovuruuururo.

316 1046 414 1113 (eun,
431 1049 514 1099 emm.
532 1049 578 1110 ιο,
596 1050 648 1108 1v;
666 1051 764 1102 uacum.
782 1052 828 1113 10.
847 1051 887 1115 v.)

174 1163 261 1228 Nune
279 1160 364 1225 lovis
384 1160 523 1238 incipiam
543 1177 649 1223 caueae
669 1163 786 1241 aperire
806 1163 938 1244 Feretri,

214 1263 365 1340 Armaque
384 1261 422 1323 de
443 1261 567 1326 dueibus
587 1264 666 1325 trina
685 1268 806 1345 reeepta
824 1266 928 1328 tribua.

175 1366 315 1445 Magnum
334 1365 392 1427 iter
412 1366 556 1447 aeeeudo,
576 1366 629 1428 eed
649 1367 701 1428 dot
721 1367 795 1450 milri
815 1368 911 1445 gloria
929 1369 1028 1432 vires:

214 1471 282 1534 Non
297 1469 385 1549 juvat
404 1486 442 1529 ex
461 1469 543 1531 faeili
563 1471 642 1531 leeta
661 1488 768 1532 eoroua
782 1470 866 1547 jugo.

174 1573 287 1636 lmbuis
306 1572 473 1650 exemplum
491 1571 604 1650 primae
624 1576 673 1652 tu,
694 1572 836 1651 Romule,
856 1573 973 1650 palmae
1130 1578 1149 1637 5

214 1675 328 1756 Hujus,
349 1678 380 1736 et
399 1674 506 1736 exuvie
526 1675 631 1751 plenus
651 1673 690 1733 ab
710 1672 795 1735 hoste
815 1673 910 1754 redis,

175 1779 320 1856 Tempore
340 1794 399 1856 quo
417 1781 517 1857 portas
538 1775 701 1839 Caeninum
721 1776 853 1839 Aerouta
873 1781 1022 1856 petentem

214 1883 316 1944 Victor
336 1882 367 1943 in
387 1899 523 1944 eversum
543 1881 666 1960 cuspide
686 1880 785 1943 fundis
806 1899 924 1958 equum.

174 1985 271 2050 Aaron
290 1986 453 2048 Herculeus
475 1984 607 2046 annina
627 1984 731 2047 duntur
749 1986 788 2047 ab
809 2003 893 2065 aree,

212 2088 321 2170 Ronia,
343 2090 402 2151 tuis
422 2088 570 2167 quondum
592 2088 700 2151 finibus
720 2089 822 2151 horror
842 2093 916 2152 erat.
1112 2093 1151 2151 10
1221 2129 1222 2134 κ

174 2194 231 2257 Hie
250 2195 346 2274 apelle
366 2212 404 2254 ex
423 2193 554 2256 humeris
575 2211 665 2255 ausus
685 2211 804 2272 sperare
826 2193 958 2275 Quirini,

212 2298 281 2377 lpse
302 2297 401 2376 dedit,
422 2298 555 2360 sednon
576 2299 720 2375 sauguine
741 2299 820 2360 eieea
840 2317 903 2360 suo.

173 2402 260 2465 Hune
279 2400 363 2462 videt
383 2405 453 2462 ante
474 2419 564 2462 cavae
584 2401 751 2463 vibrantem
772 2401 889 2479 spieulu
908 2405 1003 2464 turres
1031 2442 1035 2448 ·

213 2505 371 2584 Remulus,
392 2508 422 2565 et
441 2504 518 2566 votis
539 2507 663 2582 oeeupot
683 2508 751 2566 oute
772 2505 862 2566 rotie:

176 2609 353 2689 „luppiter,
372 2607 447 2669 haee
467 2606 556 2670 hodie
577 2608 633 2669 tibi
653 2607 774 2670 vietima
796 2611 913 2672 eonuet
932 2607 1063 2670 Aerou.’'
1111 2607 1149 2666 15

213 2713 358 2791 Voverat,
379 2716 410 2773 et
430 2711 556 2788 spolium
577 2711 686 2773 corruit
706 2711 757 2772 ille
777 2711 855 2773 lovi.

174 2815 279 2896 Urbis,
299 2815 477 2892 virtutisque
498 2833 605 2892 parens
626 2814 670 2876 eie
689 2814 809 2877 vincere
829 2813 942 2893 suevit,

214 2903 361 2980 Praetulit
380 2918 480 2995 aprino
500 2901 610 2994 frigida
632 2920 729 2978 cestra
750 2915 831 2976 Lari.
1040 2897 1043 2906 ¹

172 3021 256 3083 Idem
276 3039 368 3098 eques
388 3025 419 3082 et
437 3019 546 3100 irenis,
567 3020 646 3081 idem
667 3019 724 3080 fuit
744 3022 832 3097 aptus
852 3017 975 3096 aratris,

213 3123 255 3184 Iit
274 3124 362 3200 galea
382 3122 497 3183 hirsuta
518 3127 633 3199 compta
652 3122 756 3201 lupina
771 3121 854 3200 juba.
1110 3123 1150 3182 20

172 3229 257 3292 Pieta
276 3246 332 3290 nec
352 3226 470 3288 inducto
490 3225 628 3303 fulgebat
645 3244 751 3304 parma
770 3242 898 3303 pyrop03

211 3333 399 3394 Praebebant
419 3332 498 3393 eeeei
519 3332 620 3392 baltea
640 3332 722 3392 lenta
740 3331 841 3392 boves.

173 3437 281 3503 Cossus
301 3441 333 3498 at
352 3436 517 3513 insequitur
536 3434 672 3514 Vejentis
693 3434 784 3497 eaede
806 3432 960 3510 Tolumni,

212 3541 339 3602 Vineere
359 3557 427 3600 eum
447 3538 538 3616 Vejos
558 3554 645 3615 posse
664 3537 775 3598 laboris
795 3540 877 3615 erat,
1052 3615 1054 3622 Α

173 3647 238 3708 Nee
258 3644 327 3705 dum
347 3644 425 3706 ultra
445 3640 578 3703 Tiberim
598 3641 670 3701 belli
692 3657 798 3720 eeuue,
820 3639 925 3699 ultima
944 3639 1054 3716 praeda
1108 3636 1147 3696 25

214 3747 392 3808 Nomentum
413 3751 443 3807 et
463 3749 567 3821 captae
583 3745 690 3823 jugera
710 3747 795 3805 terna
815 3739 917 3802 Corae.
