2624 4398
307 497 340 581 S.
382 499 594 582 nonnuli
626 499 905 584 PROPiiii'iil

204 779 1000 872 OYNTHIA.

406 1071 555 1130 mun
581 1071 793 1132 mmo.

432 1527 708 1596 ELEGIA
755 1529 781 1596 1.

331 1687 413 1750 (cone.
431 1686 514 1736 uum.
533 1687 562 1745 t,
580 1686 638 1744 111;
656 1686 753 1738 uacum.
773 1688 802 1747 1,
820 1689 875 1750 nv.)

82 1825 127 1875 Ad
143 1824 248 1874 'fortium
263 1821 377 1888 Cynthiae
392 1821 491 1871 Librum
506 1821 614 1871 accedens
628 1820 727 1872 libenter
740 1837 793 1872 omn
807 1824 897 1889 Magno
911 1825 983 1876 Putre
991 1824 1118 1890 Alighierio

121 1906 200 1958 dicum

339 1973 387 2022 Per
403 1985 485 2021 correr
501 1971 596 2036 miclior
613 1986 690 2036 ccqoc
707 1974 763 2022 olea
780 1975 803 2023 lc
819 1976 869 2023 cele

371 2054 410 2103 Lc
425 2053 543 2104 navicella
560 2055 618 2103 dcll’
635 2054 736 2120 icchco
753 2056 800 2105 ecio

371 2137 507 2188 Lcecmdo
524 2137 602 2187 diem
617 2153 644 2187 ee
660 2155 711 2187 ntcr
729 2139 751 2188 ci
767 2139 872 2189 crudele.

82 2221 137 2271 Hic
149 2219 211 2270 euim
225 2220 328 2268 earmina
340 2233 387 2268 non
399 2217 510 2282 disjecto,
525 2234 572 2268 non
585 2218 703 2284 permixte
718 2219 765 2282 (m.
780 2219 825 2268 XX
840 2222 863 2267 et
878 2217 937 2266 xxJ
947 2217 1117 2268 udSecundum

120 2302 234 2353 Codicum
248 2300 346 2351 Librum
362 2300 489 2367 pertinent)
506 2305 530 2351 et
546 2316 656 2350 umanum
673 2302 730 2351 ordo
744 2317 797 2352 roro
807 2300 973 2367 pertun-butue,
991 2301 1117 2368 expolitori

119 2385 249 2452 imperent,
266 2387 295 2435 nt
310 2383 469 2434 audacioribus
486 2384 625 2448 conjecturis
642 2383 773 2445 abstineut,
790 2384 918 2435 verecunde
935 2384 1041 2450 castiget.

174 2514 348 2578 Callimachi
368 2533 469 2577 menes
490 2521 521 2577 et
540 2515 594 2577 (ioi
614 2533 699 2578 sacro
718 2515 870 2593 Philotae,

216 2617 251 2678 In
271 2622 416 2697 vestrum,
437 2635 563 2699 quaeso,
585 2637 632 2681 me
652 2619 740 2680 sinite
761 2619 804 2678 ire
824 2634 936 2678 nemus.

175 2721 290 2782 Primue
310 2739 365 2798 ego
384 2721 533 2798 ingredior
551 2739 625 2800 puro
644 2721 682 2782 de
702 2721 783 2783 fonte
803 2719 939 2782 sacerdos

215 2824 292 2886 Itale
311 2842 364 2904 pen
382 2825 488 2904 Grajos
508 2827 592 2903 orgia
611 2825 687 2888 ferre
707 2824 819 2887 choros.

174 2929 287 3007 Dicite,
307 2946 366 3006 quo
385 2929 497 3008 pariter
517 2947 635 2990 carmen
655 2929 799 2990 tenuastis
819 2930 850 2988 in
871 2928 977 2990 antro?
1130 2928 1149 2988 5

215 3031 316 3107 Quove
329 3031 412 3110 pede
432 3033 582 3110 ingressi?
605 3049 730 3109 quemve
751 3032 868 3094 bibistis
888 3031 1020 3110 aquam?

174 3135 223 3196 Ah
242 3137 356 3216 valeat,
377 3135 528 3198 Phoebum
549 3137 725 3213 quicumque
744 3141 873 3197 moretm
893 3137 924 3196 in
944 3135 1047 3198 ermis!

215 3238 344 3308 Exuctne
364 3240 445 3301 tenni
466 3240 582 3318 pumice
602 3257 705 3301 versuo
726 3245 789 3318 eat,

176 3341 240 3417 Quo
260 3360 308 3403 me
327 3341 406 3402 semu
425 3328 506 3403 levat
525 3346 605 3402 terre
625 3343 774 3422 sublimis,
795 3346 826 3404 et
845 3361 864 3404 c
883 3360 930 3404 me

214 3448 294 3508 Nata
313 3446 458 3509 coronatis
477 3446 563 3507 Mune
582 3445 745 3523 triumphet
763 3447 864 3526 equis,
1112 3445 1150 3504 10

175 3551 215 3612 Et
234 3567 348 3612 mecum
368 3551 399 3609 in
419 3567 505 3611 cunm
524 3549 608 3628 parvi
629 3551 781 3610 vectentur
801 3547 939 3626 Amores,

216 3655 451 3732 Scriptommque
472 3671 553 3714 meus
572 3652 660 3714 turim
680 3657 780 3714 secute
800 3657 888 3714 retes.
