2640 4400
187 373 254 415 XXX

186 527 249 587 sive
276 524 494 587 collocationem
520 524 607 585 unius
633 525 682 584 vel
703 523 824 584 alterius
844 523 982 584 carminis
1003 524 1034 584 iu
1054 525 1158 586 codam
1178 527 1260 607 lihro,

186 647 245 690 uon
265 633 363 690 autem
382 627 637 704 transpositionem
658 643 695 685 ex
715 642 773 686 uuo
795 625 825 684 in
842 625 975 686 alterum.

206 777 207 782 η
226 736 313 796 Nunc
333 737 360 796 si
379 735 446 811 quis
465 734 539 795 forte
558 734 702 812 requirat,
724 734 898 811 quibusnam
919 734 1035 795 casibus
1056 738 1086 795 et
1102 753 1202 796 rerum
1221 735 1274 796 dis·

187 839 356 900 criminibus
366 839 493 916 jactata,
509 837 604 914 prima
619 841 649 897 et
660 837 774 898 sincera
784 835 874 896 editio
884 836 1090 916 Propontiaca,
1107 837 1146 897 ab
1157 836 1274 914 Ovidio,

188 942 337 1021 Martiale,
364 941 461 1002 Plinio
485 959 520 1001 ac
544 939 725 1015 Quintiliano
749 940 839 1018 lecta,
865 940 904 999 ad
929 941 1096 1002 miseranda
1120 959 1199 1019 quae
1221 959 1276 1003 cer-

189 1047 285 1106 nimus
310 1045 385 1124 fata,
411 1044 575 1122 devenerit,
606 1045 663 1104 iste
692 1043 867 1120 gravissima
892 1045 1074 1104 incommoda
1100 1046 1277 1122 perpendat,
1309 1109 1310 1116 χ

189 1149 295 1228 quibus
324 1147 449 1208 obnoxia
479 1150 542 1206 erat
572 1146 711 1206 librorum
741 1146 876 1222 repetitio
903 1165 991 1206 manu
1018 1147 1144 1226 scripta,
1174 1148 1278 1224 cogitet
1309 1131 1310 1142 ¹

189 1252 360 1330 pracsertim
376 1250 531 1311 tenebrosa
551 1255 638 1327 atque
659 1249 833 1310 humanitati
853 1249 1051 1311 infensissima
1071 1252 1190 1312 saecula
1214 1255 1277 1310 ante

189 1356 340 1415 literarum
369 1352 586 1413 renovationem
617 1356 738 1430 omem,
764 1370 861 1412 rerum
882 1353 1104 1432 conversiones,
1125 1353 1277 1415 bibliotho-

190 1477 289 1519 carum
309 1456 424 1536 clades,
445 1458 584 1518 librorum
605 1475 768 1518 aemmuas.

230 1565 328 1625 Medio
352 1582 425 1624 aevo
444 1565 476 1624 in
495 1564 620 1640 quodam
650 1565 824 1625 monasterio
852 1565 999 1641 discerpta
1030 1571 1060 1624 et
1085 1566 1190 1624 avulsa
1216 1563 1281 1624 folia

191 1666 300 1726 veteris
322 1664 431 1725 codicis
455 1664 634 1740 pessumdati
659 1665 827 1746 exstabaut3
857 1683 893 1725 ea
921 1667 952 1725 in
977 1683 1067 1726 uuum
1092 1665 1230 1742 redigere
1257 1671 1282 1721 et

193 1770 346 1846 disponere
374 1768 526 1828 sententiis
552 1768 742 1828 suadentibus
766 1767 849 1848 (folia
870 1769 947 1828 enim
968 1765 1051 1828 MSS.
1072 1787 1130 1827 non
1150 1785 1281 1828 numera·

193 1871 325 1952 bantur),
354 1871 460 1931 deinde
485 1870 679 1931 transcribere
704 1871 796 1932 bonus
816 1870 974 1930 monachu·
995 1871 1141 1946 patienter
1162 1871 1283 1946 incipit.

193 1977 341 2036 Musarum
362 1993 459 2035 amore
479 1979 635 2051 permotus.
666 1974 718 2032 Nil
739 1974 861 2051 mirum,
888 1973 1054 2049 politiorum
1075 1973 1182 2032 artium
1205 1973 1283 2033 auxi-
1311 1997 1312 2008 ι

193 2078 242 2138 liis
263 2076 478 2154 deficientibus,
499 2076 587 2136 hodie
607 2075 804 2153 affluentibus,
836 2081 898 2134 tum
918 2075 1021 2153 nullis,
1051 2075 1125 2134 bene
1149 2078 1284 2136 meritum

194 2181 289 2240 virum
310 2179 429 2256 disjecto
450 2178 578 2238 membro
596 2185 698 2256 poetae
726 2179 773 2255 pie
802 2177 1002 2257 colligentem,
1034 2178 1220 2254 Propertium
1251 2179 1285 2237 ab

195 2283 309 2343 excidio
340 2282 513 2341 salvandum
543 2285 611 2340 anto
643 2281 741 2340 omnia
760 2280 925 2358 curavisse,
951 2281 1105 2356 minusque
1125 2285 1285 2358 temporum

194 2384 321 2463 gradus,
346 2385 507 2444 carminum
528 2388 558 2444 et
578 2401 675 2443 rerum
701 2382 918 2443 cohaerentiam
938 2387 1124 2459 prosecutum
1140 2385 1189 2444 vel
1209 2401 1285 2445 asse·
1312 2367 1313 2440 ἶ

194 2493 292 2549 cutum
312 2488 411 2548 fuisse.
443 2486 507 2561 Quo
529 2488 645 2547 saeculo
665 2487 760 2562 prima
783 2485 857 2546 haec
878 2486 1065 2562 transcriptio
1085 2486 1165 2546 facta
1185 2487 1286 2564 iuuerit,

195 2609 232 2650 ue
257 2592 424 2668 conjectura
451 2591 569 2668 quidem
597 2591 742 2666 assignari
773 2590 856 2649 licet:
888 2589 919 2648 id
945 2594 1057 2650 certum
1083 2595 1129 2650 est
1159 2592 1285 2652 omnium

196 2693 247 2768 qui
274 2698 442 2771 supersunt,
475 2692 709 2767 antiquissimum
737 2691 873 2752 Oodicem
903 2691 1156 2773 (Neapolitanum)
1187 2711 1287 2754 exara-

197 2800 259 2853 tum
283 2794 373 2856 fuisse
394 2796 512 2856 saeculo
532 2813 560 2871 p.
582 2794 650 2854 (ihr.
673 2795 753 2874 XIV,
777 2796 917 2857 tercentis
945 2799 975 2855 et
1002 2786 1083 2855 mill'e
1111 2796 1197 2857 annis
1226 2803 1288 2874 post

198 2898 341 2974 Propertii
361 2904 491 2960 mortem.
517 2900 622 2976 Neque
643 2899 780 2960 Oodioem
800 2898 1002 2977 Archetypum
1017 2898 1176 2976 habemus,
1188 2899 1288 2959 sedab

198 3001 256 3060 alio
281 3003 414 3080 exemplo
434 3003 552 3063 ductum
573 3004 651 3080 quod
671 3021 880 3080 saepenumero
895 3004 992 3064 roriba
1014 3003 1167 3063 enucleare
1188 3004 1288 3062 nescit.

199 3102 381 3183 Quapropter
400 3108 539 3167 lectorem
560 3124 598 3166 ne
618 3107 713 3184 fugiat
732 3125 785 3167 nos
806 3107 837 3167 in
857 3105 1056 3168 venerandum
1077 3105 1159 3165 aurei
1180 3104 1289 3164 saeculi

198 3214 413 3270 monumentum
432 3210 604 3270 temerarias
625 3215 655 3270 ot
675 3211 834 3286 sacrilegas
855 3229 958 3270 manus
978 3229 1037 3271 non
1054 3208 1177 3285 inferre,
1189 3227 1289 3268 verum

198 3329 214 3370 e
235 3309 389 3371 ruderibus
409 3313 479 3374 olim
494 3313 677 3391 jacentibus,
700 3314 769 3374 dein
783 3313 977 3374 coacervatim
994 3313 1124 3389 collatis,
1136 3311 1289 3387 pristinum

197 3410 361 3472 aedificium
381 3414 544 3474 instaurare
563 3415 706 3475 voluisse:
727 3416 776 3475 vel
796 3416 893 3492 potius
908 3433 962 3476 nos
978 3431 1015 3474 ex
1030 3411 1200 3491 apographo
1211 3412 1289 3471 dete-

198 3513 283 3574 rioris
304 3514 383 3591 aevi,
405 3515 495 3575 multo
515 3514 650 3592 proprius
670 3517 708 3576 ad
734 3521 862 3578 nostram
890 3535 978 3592 quam
1004 3516 1042 3575 ad
1070 3514 1289 3592 Propertianam

199 3621 325 3677 acutam
352 3616 531 3695 accedentis,
557 3619 761 3694 primigeniam
790 3620 992 3694 sinceramque
1020 3618 1192 3692 editionem,
1221 3619 1291 3674 tem-

200 3735 302 3794 porum
323 3725 354 3780 ot
373 3736 469 3780 rerum
490 3719 599 3800 ductu,
620 3722 774 3798 exquirere
795 3727 826 3781 at
846 3721 987 3783 divinare.
