2640 4400
283 859 630 973 llllllllls
679 861 946 992 lllllll

392 1121 623 1190 enunvono
654 1124 840 1192 nnouoar
963 1219 968 1228 ·

571 1351 602 1418 S.
626 1351 665 1418 D.

119 1855 248 1921 Veteres
278 1854 459 1940 scriptores,
491 1854 524 1920 in
554 1854 643 1922 libris
673 1876 768 1924 manu
791 1856 915 1942 scriptis
937 1874 1162 1942 saepenumero

72 1967 173 2034 foedis
204 1965 350 2034 sordibus
379 1965 550 2053 inquinati,
582 1969 707 2036 sacculo
737 1969 798 2036 XV
829 1975 861 2036 ot
890 1968 969 2036 XVI
991 1967 1032 2033 ab
1054 1967 1161 2050 Italis,

72 2080 169 2146 XVII
207 2085 239 2146 ct
276 2079 388 2147 XVIII
422 2101 443 2146 a
482 2081 611 2150 Batavis
618 2132 628 2165 ,
664 2088 771 2150 nostra
804 2086 907 2149 aetate
944 2101 964 2146 a
998 2077 1163 2146 Germanis

72 2191 232 2257 emendati
249 2197 343 2275 atque
362 2191 404 2258 ad
422 2193 582 2260 meliorem
601 2195 766 2262 lectionem
785 2192 921 2260 restituti
945 2197 1026 2258 sunt.
1074 2191 1162 2258 Nihi-

73 2305 227 2386 lominus,
256 2311 327 2390 post
357 2309 403 2370 tot
432 2309 599 2388 tantasque
622 2305 872 2372 doctissimorum
895 2303 1032 2370 virorum
1055 2323 1161 2385 curas,

72 2421 162 2499 post,
186 2434 286 2500 paene
306 2416 425 2499 dicam,
450 2416 626 2484 demessam
646 2423 678 2484 ot
695 2422 853 2502 receptam
873 2422 1030 2500 segetem,
1049 2414 1163 2480 aristas

72 2523 228 2606 quasdam
250 2526 401 2611 legendas
425 2547 604 2613 superesse,
625 2527 665 2594 iis
689 2527 765 2594 satis
788 2532 927 2608 constat,
947 2527 1002 2609 qui
1017 2526 1162 2611 hujusce-

72 2635 161 2702 modi
182 2637 451 2706 lucubrationibus
468 2640 728 2724 qualemcumque
748 2659 876 2726 opcram
895 2643 1060 2705 naverunt.

118 2749 317 2835 Propertius,
341 2771 417 2836 prae
440 2752 571 2819 caeteris
589 2751 722 2819 fortasse
743 2752 882 2834 Latinis,
907 2750 1019 2816 aetatis
1039 2756 1071 2815 et
1089 2750 1163 2815 scri-

71 2863 185 2928 barum
207 2861 323 2946 injuria
344 2863 566 2932 collabefactus
587 2863 663 2948 fuit3
694 2884 756 2948 quo
787 2864 822 2929 fit
852 2870 888 2931 ut
918 2861 1004 2928 illius
1028 2861 1165 2928 carmina

70 2975 178 3058 magis
200 2972 329 3040 laudata
350 2993 445 3058 quam
464 2976 560 3059 lecta,
581 2976 682 3061 magis
701 2975 786 3042 fama
805 2978 888 3043 elatu
905 2994 999 3058 quam
1019 2994 1040 3038 a
1057 2973 1164 3040 multis

70 3086 202 3171 penitus
231 3094 396 3173 perspecta
418 3087 594 3155 videantur.
637 3089 690 3154 Ad
711 3095 838 3176 poetam
862 3086 1016 3155 Umbrum
1037 3084 1165 3151 fortuito

69 3206 254 3282 revocatus,
279 3199 399 3283 ingenii
420 3199 605 3284 luminibus,
631 3201 696 3267 stili
718 3201 876 3286 elegantia
898 3206 931 3266 et
952 3200 997 3281 vi,
1022 3216 1165 3265 nonnun-

70 3332 172 3396 quam
189 3311 357 3379 affectuum
377 3312 531 3379 suavitate
544 3295 582 3380 'ot
600 3313 758 3380 moestitia
769 3318 895 3399 captus,
916 3332 987 3378 eum
999 3310 1167 3394 diligenter

69 3424 217 3490 lectitare
240 3430 273 3489 et
290 3423 405 3490 deinde
424 3424 578 3508 quaedam
597 3425 753 3510 corrigere
772 3444 919 3507 exorsus,
944 3423 1106 3510 paullatim
1125 3421 1166 3489 ad

70 3555 186 3601 omnes
209 3536 317 3619 elegos
338 3535 546 3602 recensendos
568 3537 709 3602 animum
731 3535 873 3621 adjunxi.

120 3647 191 3724 Qua
207 3648 241 3712 in
257 3667 291 3714 re
307 3647 366 3713 boc
382 3647 460 3713 mihi
475 3648 678 3715 constitutum
697 3647 792 3714 habui
815 3653 846 3714 et
857 3668 914 3733 pro
930 3646 1049 3713 viribus
1060 3645 1148 3712 effeci
1156 3695 1165 3728 ,

72 3766 110 3824 ut
122 3759 298 3825 Grurnrru
311 3759 465 3841 carmina,
479 3779 559 3844 quae
572 3759 647 3827 Sex.
661 3760 810 3828 Aurelius
826 3759 926 3826 tribus
942 3751 1069 3825 omnino
1079 3757 1168 3825 libris
