2624 4398
715 381 753 446 68

306 561 433 624 (temera
453 559 497 622 nti
516 558 612 638 possis
632 558 747 619 vultum
766 556 896 619 custodis
916 555 1025 634 amari,
1248 553 1283 612 15

346 663 457 742 Captus
477 666 507 723 et
526 660 677 722 immunda
696 673 785 738 saepe
805 661 899 720 latere
919 657 1013 719 casa?

306 765 402 843 Quam
422 783 490 828 caro
510 765 603 826 semel
621 763 653 823 in
673 767 734 824 toto
754 781 813 823 nox
833 761 958 821 vertitur
977 759 1070 819 anno!

344 869 393 930 Ah
413 871 550 946 pereant,
571 867 598 928 si
618 884 691 943 qnos
707 866 802 944 janna
821 867 922 926 clausa
937 865 1035 943 juvat.

305 973 345 1034 Et
364 972 450 1034 modo
470 970 595 1049 pavonis
615 969 727 1031 caudae
747 968 867 1029 flabella
886 969 1051 1048 superbae,

343 1077 384 1138 Et
403 1075 540 1137 manibus
561 1074 634 1134 dura
653 1073 746 1150 frigus
766 1073 877 1134 habere
898 1073 976 1154 pila,

306 1181 346 1241 Et
366 1179 447 1256 cupit
467 1178 575 1237 iratum
595 1176 672 1237 talos
691 1193 739 1236 me
759 1193 880 1253 poscere
901 1175 1042 1254 ebmnos,

345 1282 486 1358 Quaeque
506 1281 602 1340 nitent
622 1279 713 1339 Sacra
731 1279 805 1338 vilia
825 1279 902 1340 dona
920 1279 980 1340 via.

306 1384 354 1446 Ah
374 1401 510 1462 peream,
531 1383 557 1442 si
577 1400 624 1443 me
645 1383 703 1442 ista
723 1387 841 1443 movent
861 1382 1033 1460 dispendia:
1055 1381 1108 1444 sed
1128 1397 1177 1444 me

345 1485 460 1546 Pellaei
481 1484 616 1545 dominae
633 1485 697 1562 jam
718 1485 810 1562 pudet
830 1503 895 1546 esse
911 1487 1020 1563 jocum.

305 1588 429 1667 Contra,
450 1575 559 1666 rejecto
580 1604 656 1663 quae
677 1588 772 1648 libera
792 1588 875 1649 vadit
895 1589 1021 1669 amictu,
1245 1587 1280 1647 25

344 1692 505 1754 Custodum
525 1696 556 1752 et
575 1693 656 1752 nullo
677 1695 762 1769 septa
782 1692 903 1771 timore,
924 1691 1047 1769 placet?

306 1795 362 1858 eui
382 1813 470 1874 saepe
490 1795 639 1856 immundo
659 1795 750 1856 Sacra
769 1796 928 1856 conteritur
947 1796 998 1856 via
1018 1813 1122 1875 socco,

345 1900 410 1960 Nec
430 1898 501 1960 sinit
521 1916 586 1958 esse
606 1917 734 1977 moram,
754 1899 781 1959 si
801 1898 868 1975 quis
882 1898 971 1959 ‘adim
992 1898 1082 1978 velit3

306 2003 431 2063 Differet
449 2001 524 2063 haec
543 2019 709 2082 nunqnam,
729 2020 783 2062 nec
803 2007 904 2079 posset
922 2004 1058 2082 garrula,
1079 2000 1159 2080 quod
1178 2005 1211 2064 te

236 2145 238 2150 -
346 2104 492 2166 Astrictus
512 2105 607 2182 ploret
628 2122 716 2182 saepe
738 2104 854 2165 dedisse
875 2109 974 2186 pater3

307 2207 371 2269 Neo
391 2207 485 2268 dicat:
510 2207 651 2287 „Time03
671 2225 798 2284 propera
813 2208 877 2286 jam
898 2226 1034 2289 surgere,
1055 2225 1184 2286 quassos

348 2309 470 2390 Infelix,
490 2310 579 2371 hodie
599 2311 646 2371 vir
665 2311 739 2371 mihi
760 2329 828 2372 rure
848 2313 965 2373 venit.''

307 2414 348 2475 Et
367 2432 441 2491 quas
460 2413 628 2491 Euphrates
650 2419 680 2474 et
700 2432 774 2491 quas
794 2415 868 2475 milri
888 2416 970 2476 misit
990 2413 1134 2496 Orontes,

347 2519 395 2577 Me
411 2517 540 2595 juerint:
561 2519 652 2579 nolim
671 2518 750 2579 furta
769 2519 877 2595 pudica
897 2520 963 2581 tori.

310 2618 365 2681 Oui
384 2619 440 2681 fuit
459 2620 569 2681 indocti
589 2620 729 2698 fugienda
747 2621 821 2683 haec
841 2623 947 2683 semita
966 2623 1065 2703 vulgi,

351 2723 421 2798 ipsa
439 2723 533 2800 petita
553 2723 620 2782 lacn
639 2741 717 2784 nunc
736 2722 809 2782 mihi
830 2723 924 2784 dulcis
945 2741 1023 2801 aqua
1042 2728 1097 2786 est.

310 2824 447 2886 Libertas
467 2826 605 2903 quoniam
625 2826 699 2886 nulli
715 2824 780 2904 jam
799 2830 892 2887 restat
911 2828 1040 2907 amanti,

350 2928 457 2989 Nullus
478 2928 535 2988 erit
554 2927 630 2988 liber
650 2929 676 2990 si
696 2930 763 3006 quis
783 2947 882 2991 amare
902 2931 985 2991 velit.

242 3096 266 3146 1.
299 3093 414 3145 Alterius.
431 3092 547 3158 Ancipitis
564 3091 753 3157 significationis3
769 3095 820 3144 fere
836 3110 915 3144 omnes
932 3093 1066 3160 intelligunt
1074 3093 1103 3145 da
1111 3110 1179 3146 servo
1187 3092 1273 3162 puellas.
1300 3129 1301 3132 η

192 3176 278 3235 Suum,
301 3191 330 3225 na
352 3175 377 3223 in
394 3173 549 3240 suspicionem
565 3174 689 3234 incideret,
706 3191 754 3225 non
770 3176 836 3226 misit
852 3181 950 3227 amator.
976 3167 1099 3228 Promissa
1116 3179 1200 3230 verba:
1216 3191 1272 3226 msu·

192 3258 247 3308 datu
263 3257 378 3317 amentis,
395 3273 454 3323 quas
470 3271 550 3306 servus
567 3259 674 3306 accurate
690 3273 714 3307 se
731 3257 860 3308 relaturum
876 3259 1027 3326 promiserat.

243 3347 266 3398 6.
301 3347 374 3397 Gron.
392 3347 441 3395 Cur
456 3375 490 3384 —
506 3346 549 3396 ille
561 3351 652 3411 putat;
678 3348 755 3414 Noap.
774 3349 822 3398 Cur
838 3377 872 3387 -
887 3348 930 3398 tlte
946 3353 1017 3399 vetat.
1034 3349 1192 3400 Mentelianm
1209 3349 1271 3400 Osa,
1299 3399 1300 3414 ,

193 3427 263 3479 etsie
278 3426 357 3492 vnlgg.
370 3428 470 3476 Amator
484 3429 534 3476 tam
548 3426 629 3477 anxins
645 3431 694 3488 est,
708 3428 764 3494 quia
777 3428 845 3478 timet
858 3445 886 3479 na
900 3431 951 3495 quis
966 3430 1010 3480 sibi
1018 3430 1113 3496 ignotus
1122 3431 1242 3499 recipiatur
1248 3425 1270 3476 ab

193 3512 281 3572 amica,
299 3511 354 3560 dum
370 3509 422 3576 ipse
438 3508 578 3559 excluditur.

242 3601 267 3653 8.
300 3600 331 3650 In
354 3599 412 3650 God.
436 3600 512 3666 Neap.
529 3597 659 3650 versiculus
675 3599 818 3652 desideratur
826 3623 834 3662 ;
851 3601 938 3669 legitur
953 3603 978 3653 in
995 3603 1100 3655 cacteris.
1117 3604 1224 3662 Juvenis,
1239 3613 1269 3664 spe

192 3680 314 3748 deceptus,
331 3696 358 3731 ee
373 3679 465 3747 quaerit
480 3681 567 3731 iterum
582 3680 726 3748 iterumque,
744 3684 987 3749 quartanarius,
997 3699 1080 3752 nempe
1090 3675 1267 3754 pnennragtts
1298 3687 1299 3712 ³

194 3763 320 3816 Veriaims
336 3762 438 3823 dictum,
455 3762 476 3814 si
491 3762 561 3829 sapis.
1298 3719 1299 3807 i
