2640 4400
1057 377 1115 418 1101

34 533 58 590 in
80 531 227 609 (lmecos,
253 531 426 608 pracsertim
446 549 504 592 non
526 532 557 592 in
576 531 789 592 Callimachum
815 531 825 573 ¹
849 531 990 610 defixum,
1011 531 1064 593 sed
1084 532 1116 594 iu

33 632 162 694 Ovidium
182 640 214 695 et
233 635 338 696 Festos
358 635 514 712 praecipue
534 635 635 695 fuisse.
1014 663 1018 670 ⁴

66 738 145 798 Idem
164 736 359 816 judicandum
380 739 437 799 erit
457 735 494 798 de
514 737 649 816 Epistola
669 737 850 818 Arethusae,
871 739 1031 802 Heroidum
1052 743 1116 802 imi·

33 839 148 918 tatione,
170 841 256 917 cnjus
276 844 469 900 commentum
489 839 608 900 ductum
628 840 745 900 videtur
765 858 802 899 ex
813 842 910 917 elegia
922 842 993 902 XIV
1003 843 1117 921 Tertii,

34 943 58 1000 in
76 960 134 1019 que
154 942 325 1018 Propertius
346 942 503 1002 derelictae
524 941 629 1002 Gallae
643 943 814 1004 Postumum
828 945 935 1020 arguit.
957 945 1016 1006 Ubi
1026 945 1115 1006 hocce

33 1061 145 1120 poeseos
165 1062 259 1120 genus
280 1043 388 1104 Noster
407 1047 521 1104 tentme
540 1045 700 1124 voluisset,
721 1045 842 1106 formam
862 1065 967 1108 novem
988 1053 1018 1109 et
1032 1066 1115 1109 suem

35 1148 71 1206 illi
87 1147 233 1225 dedisset,
253 1164 307 1208 uec
330 1151 392 1207 tam
413 1147 534 1208 moleste
554 1145 654 1208 Ovidii
675 1148 803 1226 vestigia
820 1149 985 1226 pressisset

66 1249 171 1326 Elegia
207 1248 352 1328 Astroloqi
376 1249 480 1309 ultima
504 1268 557 1310 nos
584 1255 691 1312 monet.
732 1249 942 1328 Fragmentum
968 1249 1011 1312 Dc
1042 1250 1115 1313 llrdc

35 1351 114 1414 Romu
135 1351 289 1413 consilium
309 1349 430 1412 Iliorum
451 1352 574 1414 indicat:

258 1456 329 1504 Sacra
345 1454 439 1520 diesque
455 1471 535 1504 canem
552 1461 576 1506 et
592 1456 729 1522 cognomine
745 1457 822 1524 prisce
837 1457 957 1510 locorum:

289 1540 341 1588 Hes
357 1553 423 1586 meus
440 1537 468 1586 ed
485 1541 559 1587 metae
575 1537 643 1588 sudet
658 1543 752 1606 oportet
768 1557 848 1606 equus.

36 1645 84 1706 llic
103 1646 139 1706 de
160 1644 304 1724 impcviso
324 1662 442 1706 carmen
462 1648 627 1704 truncetur:
649 1663 749 1706 eccum
763 1645 860 1708 Horus
876 1645 995 1723 quidam
1015 1645 1115 1708 Astro-

36 1748 109 1826 logus
127 1750 210 1810 velut
230 1747 302 1810 deus
323 1765 339 1808 e
360 1746 495 1808 machina
515 1747 614 1828 adest,
635 1754 665 1810 et
685 1749 770 1810 dicits

257 1867 311 1932 Quo
327 1864 540 1932 ruis-imprudeue,
557 1882 628 1931 vege,
645 1867 721 1918 dicere
736 1870 798 1929 ieta,
816 1868 941 1936 Propertii

291 1949 346 1998 Nou
364 1950 418 1996 eunt
435 1947 464 1996 eh
481 1947 563 1997 dextro
580 1949 672 1998 condita
689 1949 728 1998 iile
744 1949 803 2001 colo.

257 2029 352 2081 Aversis
369 2029 445 2078 Musis
462 2033 554 2088 ceume,
571 2045 665 2079 eversus
682 2031 777 2097 Apollo:

290 2111 400 2162 Poscitur
414 2111 489 2161 invita
505 2111 576 2161 verbe
591 2111 689 2178 pigenda
705 2112 764 2177 lyra.

40 2219 203 2298 interpretes
219 2221 356 2296 quattuor
372 2215 529 2278 subitarios
539 2233 640 2276 versus
651 2217 873 2294 explicaverunt
882 2215 975 2280 veluti
986 2218 1114 2280 solemne

40 2324 212 2385 interdictum
241 2340 280 2383 ne
306 2326 392 2400 poeta
418 2323 641 2398 prosequeretur
665 2318 743 2382 Dies.
783 2321 874 2383 Nulla
902 2325 1001 2381 tamur
1020 2321 1116 2398 logica

40 2427 212 2488 cohaerentia
236 2426 314 2486 inter
338 2424 466 2486 edictum
492 2428 537 2484 est
556 2427 784 2501 sequentemque
805 2424 1007 2502 genealogiam
1027 2423 1115 2501 Hori3

40 2549 121 2608 neque
145 2530 248 2591 Ouitioi
273 2529 345 2590 satis
370 2527 535 2604 cogitarunt
554 2527 645 2587 verba
665 2534 696 2588 at
725 2534 755 2588 to
783 2529 859 2608 fiope
887 2527 993 2606 elepos,
1015 2526 1115 2605 tollae

42 2653 111 2713 opas,
139 2635 208 2694 doec
233 2638 284 2692 tuo
312 2637 423 2708 castra,
444 2647 520 2706 quae
540 2631 677 2707 leguntur
697 2632 852 2708 sexaginta
872 2630 1005 2691 versibus
1027 2629 1115 2690 inter-

39 2737 127 2816 jectis,
154 2737 301 2814 respicere
325 2753 443 2794 versum
467 2735 599 2812 proxime
628 2736 835 2812 superioreme
854 2733 893 2794 Et
918 2740 994 2794 vetut
1013 2733 1116 2794 deauco

43 2841 114 2900 corbo
138 2847 239 2901 tonora
265 2841 347 2918 foro:
375 2840 473 2915 itaque
499 2839 642 2915 poematis
667 2839 854 2916 scriptionem
874 2838 993 2898 minime
1014 2855 1116 2914 expro-

12 2999 13 3008 ,
43 2942 126 3021 brare,
147 2944 200 3004 sed
217 2946 333 3019 poetam
353 2940 463 3001 horteri
483 2945 517 3000 ut
536 2941 645 3018 Musis,
666 2959 723 3000 non
738 2941 800 3002 foro
817 2944 945 3000 vacaret
973 2937 1117 3013 Quattuor

12 3061 13 3084 ³
43 3065 130 3108 versus
161 3045 274 3106 laudati
298 3061 380 3103 mera
405 3047 526 3102 suntet
551 3043 723 3103 inconcinna
750 3043 944 3120 interpolatio.
985 3042 1059 3101 Mihi
1084 3039 1117 3101 fit

44 3147 194 3208 verosimile
218 3144 392 3205 nebulonem
417 3145 547 3204 carmine
572 3144 615 3204 ilc
643 3143 716 3204 Urbe
741 3145 833 3204 Romo
859 3149 889 3205 et
916 3142 1065 3219 Astroloqo
1086 3141 1117 3202 in

12 3285 13 3292 κ
44 3249 189 3326 exemplari
210 3265 262 3308 suo
279 3247 427 3316 invenisse
451 3248 531 3307 nullo
554 3248 649 3324 spatio
672 3248 781 3326 divisa3
804 3265 893 3323 quum
912 3247 1003 3305 vellet
1027 3263 1117 3305 unum

12 3383 13 3424 3
44 3366 145 3415 carmen
165 3349 291 3426 efficere,
314 3348 367 3408 sed
386 3349 589 3408 transitionem
608 3348 796 3424 velatumque
816 3348 882 3424 plus
905 3365 992 3423 quam
1008 3346 1116 3406 Pinda-

45 3451 122 3513 ricum
131 3454 199 3534 jure
224 3451 401 3530 despiceret,
429 3451 485 3512 duo
506 3451 633 3512 disticha
654 3451 799 3512 exstruxit
820 3450 904 3527 quasi
925 3449 1048 3525 gradum
1068 3449 1117 3508 vel

12 3565 14 3602 Ι

75 3654 81 3680 ¹
107 3648 172 3698 Docti
194 3647 305 3696 Germani
327 3646 394 3710 njunt
414 3647 439 3694 iu
461 3648 598 3712 fragmentis
621 3651 713 3714 poetam
739 3646 858 3697 imitatum
881 3645 952 3696 fuisse
973 3646 1118 3712 deperditum

12 3741 14 3810 ,
50 3732 166 3786 Cellimechi
183 3751 289 3796 mennon,
307 3737 342 3786 cui
361 3734 445 3788 αἴτια
462 3751 545 3787 nomn
560 3737 615 3786 fuit.

12 3825 13 3872 l
