2642 4396
680 341 737 399 218

197 517 238 566 er.
271 517 345 566 oron.
362 519 387 566 e
404 518 479 583 nup.
496 517 523 566 e
537 517 649 581 9ladi0s;
668 516 742 566 coeo.
757 514 866 566 viuum
879 518 903 566 u
916 500 1026 578 'renea
1038 514 1065 564 a
1076 513 1170 564 riuos.
1189 514 1258 564 ceu

162 600 251 650 vellera
265 603 346 656 occim-
363 599 472 663 Perrejus
489 601 580 650 vellera
595 605 670 648 terto.
689 599 783 648 Vellera
799 603 876 658 secta,
893 599 909 648 i.
927 615 947 648 e.
964 597 1050 657 divisa,
1067 600 1187 664 separata

195 689 236 739 34.
271 688 344 738 Oodd.
362 694 446 739 canat
462 705 542 754 equus.
568 688 672 754 Scaliger
689 691 712 737 et
729 688 850 752 Livineius
865 687 984 738 malebant
1000 691 1084 738 currat
1099 703 1183 752 eques.

195 777 236 828 35.
271 778 344 830 codd.
362 793 447 844 coq0r5
465 778 627 828 Broukhusiue
644 779 775 829 emendavit
790 795 870 829 conor.

195 869 237 918 40.
272 867 347 918 Codd.
370 868 485 933 Pejerat;
511 868 561 918 edd.
584 867 649 932 vulg.
675 870 778 934 Deperat
795 885 848 917 cum
866 867 979 932 Lirinejo.
1004 865 1096 916 Ancilla
1112 882 1200 917 verum
1217 883 1258 917 non

162 951 248 1011 noscit,
264 953 342 1000 tamen
358 966 397 1000 me
409 950 510 1014 jurando
527 950 588 1000 fallit
605 951 699 1000 hiberni
714 951 827 1016 terporis
845 966 895 1000 ecee
911 953 963 1003 tuas
979 964 1066 998 morae.

194 1039 236 1090 45.
270 1041 344 1089 Gron.
361 1056 414 1091 oum
425 1045 502 1105 parat
518 1041 583 1088 altas
596 1039 713 1105 Afrious5
740 1042 816 1106 Noap.
834 1044 980 1102 cumpater.
1013 1038 1128 1096 Puccine,
1148 1039 1259 1103 Perrejue

158 1127 232 1189 poter
252 1124 324 1172 Atlas
346 1122 454 1187 Africus.
489 1123 562 1171 Pater
583 1121 685 1187 Africae
707 1136 751 1188 pro
776 1121 939 1187 Septentrione
960 1119 1069 1186 usurpari
1088 1120 1183 1185 nequit,
1207 1137 1258 1170 nam

163 1204 257 1254 Africus
274 1203 303 1253 ab
320 1203 402 1253 Africa
419 1203 510 1270 spirans
526 1203 576 1252 vim
593 1203 728 1268 congelandi
745 1203 887 1253 nonhabet.
905 1202 1011 1252 llldikius
1029 1201 1168 1265 conjecerat:
1189 1221 1258 1268 quau

163 1288 240 1336 Pater
256 1286 382 1352 (Juppiter)
399 1288 452 1335 alta
467 1285 605 1335 Adatriotaa
619 1284 699 1349 plocio
709 1285 809 1351 sriqore
825 1286 900 1335 nectit
917 1301 999 1350 aquas.
1026 1283 1194 1336 Lachmannne
1209 1303 1258 1336 cua

164 1368 244 1419 Pater
266 1371 330 1418 altas
346 1369 435 1418 Arctoo
450 1368 478 1416 ia
492 1367 594 1432 clariora
607 1367 706 1432 stiporo
721 1367 796 1417 nexit
812 1383 901 1432 aquam
924 1383 968 1433 pro
985 1367 1045 1416 Jove
1059 1371 1152 1433 petrem
1168 1371 1195 1416 et
1212 1369 1259 1434 ipss

162 1450 302 1516 intelligens.
336 1451 386 1516 ligo
407 1449 583 1514 Groninganum
604 1464 700 1514 sequens
722 1464 822 1514 repono:
847 1465 899 1499 oum
911 1455 990 1514 porat
1004 1451 1069 1500 altae
1085 1449 1176 1501 Arctoa
1194 1451 1258 1500 etia

160 1533 262 1599 placiem
278 1535 324 1582 etc.

196 1623 238 1672 47.
272 1621 345 1671 Codd,
362 1625 443 1686 aperto
458 1621 484 1670 in
498 1619 611 1684 conjugo,-
625 1618 715 1668 vitiose.
732 1620 883 1670 Burmannus
898 1621 997 1684 conjecit
1005 1621 1243 1687 duorlaiacoajupe
1247 1643 1256 1678 ,-

165 1704 328 1754 Lachmannus
344 1707 414 1768 rapto
431 1703 537 1767 coujupo.
567 1700 677 1751 Forsitan
693 1703 801 1767 adempto
819 1703 864 1752 erit
880 1703 1011 1768 probabile.
1042 1703 1111 1754 ovid.
1129 1721 1159 1754 ee
1175 1704 1256 1754 Pone

165 1787 193 1847 Ι,
211 1788 239 1846 9,
256 1786 305 1835 41ι
323 1785 385 1835 Jore
400 1784 476 1850 ipitur
492 1785 607 1834 lacrimas
626 1785 691 1833 Celso
708 1785 809 1834 libamus
826 1785 941 1850 adempto.

197 1877 238 1926 49.
273 1877 345 1926 Gron.
364 1874 455 1924 Poenis
471 1874 531 1931 tiou-
548 1875 623 1940 Neap.
642 1874 730 1923 Poenis
744 1879 776 1923 te.
803 1874 916 1924 Heinsius
932 1874 1034 1925 correxit
1049 1875 1078 1925 ai.

198 1963 239 2014 50.
273 1964 346 2013 Gron.
363 1967 418 2013 tuoe
435 1979 533 2021 manum·
550 1966 613 2012 recte
630 1963 705 2029 Neap.
723 1979 787 2014 meae
803 1980 895 2014 manue.

198 2053 239 2102 51.
273 2053 361 2102 Versus
386 2051 554 2110 subobscurus,
580 2054 634 2101 ante
658 2051 841 2116 Hertzbergium
861 2068 908 2102 non
925 2052 1070 2112 illustratus,
1094 2054 1134 2120 qni
1151 2053 1253 2120 exponit:

169 2136 226 2184 ‚Au
247 2134 370 2184 tristitiam
392 2134 474 2183 domus
496 2132 671 2198 significandam
694 2133 766 2182 Lares
787 2149 834 2183 non
857 2149 871 2182 a
892 2137 958 2192 tota,
979 2137 1007 2184 ut
1023 2135 1095 2185 moris
1112 2138 1174 2194 erat,
1190 2132 1256 2182 turbe

166 2233 304 2277 vernarum,
335 2217 374 2266 sed
397 2215 426 2265 ab
449 2231 495 2264 una
517 2215 606 2281 puella,
630 2215 695 2279 cujus
717 2215 839 2282 proprium
861 2215 919 2264 illud
936 2232 1021 2266 munus
1038 2219 1105 2276 erat,
1127 2220 1218 2282 apertos
1234 2217 1256 2263 et

167 2302 272 2367 comptos
295 2314 343 2350 esse
364 2298 408 2356 eit,
433 2298 472 2347 sed
494 2301 631 2347 cunctanter
651 2301 674 2346 et
690 2299 730 2348 vix
747 2299 817 2348 semel
833 2299 859 2347 in
875 2315 966 2358 mense,
983 2299 1052 2364 idque
1069 2299 1124 2348 solis
1142 2298 1254 2348 Kalendis

167 2383 232 2432 Nam
251 2379 326 2445 magis
346 2379 466 2444 religiosos
488 2383 580 2446 praetor
603 2379 720 2430 Kalendas
737 2381 817 2430 Idibus
835 2396 926 2447 quoque
943 2383 966 2430 et
983 2380 1060 2431 Nonis
1076 2395 1143 2430 sacra
1160 2378 1255 2431 Laribus

167 2465 247 2514 fecisse
263 2465 300 2513 M.
318 2463 376 2512 Cato
392 2465 492 2512 testetur
509 2497 516 2511 .
534 2500 540 2510 .
560 2499 565 2511 .
591 2464 667 2512 Ratae
685 2462 801 2512 Oulendae
817 2463 939 2522 dicuntur,
960 2479 1007 2512 non
1024 2463 1079 2528 quie
1095 2463 1195 2512 rariores
1210 2463 1255 2512 sint

167 2547 262 2598 cacteris
278 2545 363 2594 dicbus
375 2544 513 2604 menstruis,
531 2544 570 2594 sed
587 2544 653 2610 quia,
670 2545 731 2610 quod
748 2545 785 2594 hie
802 2549 895 2595 tentum
911 2545 990 2594 diebus
1007 2547 1051 2594 fit.
1062 2582 1085 2594 ..
1102 2559 1157 2594 raro
1171 2545 1195 2594 id
1207 2543 1254 2593 fieri

167 2628 355 2680 consentiendum
372 2631 434 2678 estu
462 2627 579 2677 Martialis
595 2627 647 2686 IV,
665 2628 710 2676 66:
727 2629 815 2677 Idibus
831 2633 856 2678 et
871 2629 936 2678 roric
952 2630 1036 2693 loquio
1052 2633 1088 2678 ert
1104 2628 1151 2678 tibi
1165 2631 1254 2690 sumpla

168 2713 287 2764 anneo

200 2798 241 2850 53.
278 2800 408 2850 &hericios
432 2799 466 2863 (in
492 2799 564 2849 Oodd
593 2799 733 2860 Grouoidoa)
758 2815 842 2848 nomen
865 2799 954 2850 catulae
976 2816 991 2849 a
1012 2799 1102 2865 glaucis
1123 2815 1163 2850 sen
1179 2797 1253 2848 cecsiis

167 2885 217 2950 ejus
235 2883 314 2934 oculis.

200 2974 241 3024 58.
275 2974 383 3024 Noctuae
407 2975 488 3022 centus
512 2971 601 3021 melum
627 2987 707 3031 omen,
733 2971 821 3021 bonum
845 2971 951 3021 lucernae
976 2971 1093 3037 crepitus3
1118 2969 1253 3036 quapropter

166 3071 258 3107 merum
273 3055 436 3114 infundebant,
453 3053 591 3120 praesertim
607 3056 635 3104 ut
651 3057 800 3104 sternutaret.
827 3054 858 3103 V.
876 3054 946 3104 oud.
963 3055 1008 3120 Ep.
1025 3069 1053 3103 ex
1069 3056 1142 3104 Pont.
1158 3053 1220 3103 xlx,

200 3147 241 3196 60.
275 3147 348 3196 Codd.
371 3145 553 3210 occcimtaqoe5
578 3145 713 3202 Pontinus,
739 3143 852 3203 Paccius,
879 3144 988 3207 Perrejus
1009 3143 1180 3208 incendique,
1195 3155 1250 3206 quos

167 3244 214 3278 non
230 3228 359 3295 praecedit,
379 3227 412 3276 uti
429 3227 524 3292 scripsit
540 3227 716 3285 Lachmannus,
734 3225 774 3274 scd
790 3229 882 3276 secutus
898 3230 934 3276 est
951 3228 1068 3276 Muretus.
1085 3253 1118 3264 -
1136 3224 1202 3275 Codd.
1215 3223 1252 3271 ad

168 3327 229 3363 noea
244 3314 328 3370 luora5
346 3309 445 3361 Paccius
460 3325 539 3360 sacra.
565 3311 643 3359 Lucro
660 3325 734 3376 popae
751 3325 780 3358 ne
796 3309 937 3359 mandemus.

713 3515 721 3536 t

607 3571 828 3608 “uffo-
