2624 4398
706 340 744 398 32

296 514 345 576 Ah
364 514 487 576 nimium
508 513 612 574 faciles
633 528 733 572 aurem
753 511 895 589 praebere
915 512 1045 590 puellae,
1234 508 1262 568 15

336 617 451 680 Discite
470 617 607 679 desertae
627 633 685 676 non
705 618 816 676 temere
837 632 902 676 esee
922 615 1025 676 bonae.

295 721 351 782 His
372 737 487 798 quoque
508 719 560 796 qui
580 721 727 797 praestet,
742 717 807 796 jam
828 717 944 794 pridem
964 716 1117 794 quaeritur
1136 717 1228 802 alter!

337 824 469 903 Experto
488 825 520 885 in
539 823 650 902 primo,
671 821 778 900 stuta,
799 839 906 882 cavere
926 825 1019 898 potes.

296 928 358 990 Nos
378 945 561 1006 quocumque
582 929 663 1005 loeo,
683 943 736 986 nos
757 925 836 985 omni
857 930 986 1003 tempore
1005 927 1102 986 tecum

335 1032 405 1094 Sive
426 1050 517 1111 aegra
536 1031 647 1108 pariter
667 1029 731 1090 sive
752 1030 872 1090 valente
892 1046 1001 1090 sumus.
1233 1028 1262 1087 20

210 1207 233 1258 1.
266 1206 386 1272 Papiriam
407 1207 436 1256 de
458 1205 598 1256 carminibus
620 1203 667 1253 riri
689 1201 752 1252 docti
774 1200 919 1266 intelligunt.
953 1200 1074 1260 Rivalem,
1092 1215 1165 1265 quem
1182 1198 1262 1250 lacessit

175 1289 249 1356 elegia
263 1291 297 1349 X,
313 1289 451 1356 Propertius
466 1289 499 1338 sic
513 1285 668 1355 provocabat:
686 1285 820 1334 Ooateadat
829 1283 1033 1350 mecumiapem'o,
1042 1285 1261 1334 caementatam.

209 1403 233 1453 3.
266 1401 387 1452 Irrisienis
402 1400 564 1466 interrogatio.
582 1400 668 1449 Nonne
683 1397 708 1446 id
724 1395 768 1446 tibi
785 1396 911 1462 praedixi?
937 1414 1013 1448 noune
1029 1396 1110 1448 videor
1126 1396 1172 1447 tibi
1190 1397 1262 1448 certior

174 1487 241 1535 rates
257 1483 351 1534 oraculo
368 1483 512 1533 Dodonaeas

208 1597 233 1648 8.
267 1597 338 1648 Domi
352 1595 457 1662 intellige
474 1595 570 1645 domum
587 1593 711 1660 Cynthiae.

208 1709 249 1758 12.
282 1709 321 1758 Sic
344 1709 516 1774 Groniugauue.
540 1709 611 1774 Neap.
632 1706 709 1757 tercie
731 1721 832 1771 namque
850 1706 939 1756 Creusa
956 1707 1032 1756 domo.
1066 1706 1209 1758 Mendaeum
1223 1721 1263 1756 esse
1295 1716 1298 1729 ¹

172 1789 252 1840 locum
260 1806 307 1840 uon
315 1791 433 1841 immerito
442 1791 601 1858 suspicantur:
621 1791 710 1840 Creusa
725 1788 787 1839 euim
799 1805 846 1839 nou
854 1788 932 1839 tenuit
940 1789 1036 1839 domum
1046 1790 1150 1850 Iasonis,
1160 1792 1262 1856 cumipse
1299 1789 1300 1794 ’

173 1873 310 1939 nuptiarum
327 1872 364 1922 die
381 1873 500 1923 exarserit.
523 1872 677 1922 Ruhnkenius
694 1870 843 1934 conjiciebat:
858 1871 959 1936 Ejectae
976 1871 1053 1921 teaas't
1068 1889 1171 1937 caraque
1187 1875 1263 1922 Creusa

174 1958 268 2014 locum
294 1971 361 2022 saepe
385 1957 447 2006 enim
471 1955 497 2004 in
520 1955 587 2005 libris
612 1954 707 2020 scriptis
733 1955 841 2013 domam,
867 1955 959 2013 tecam,
984 1958 1062 2004 torum
1088 1959 1262 2006 commutantur,

174 2038 320 2089 Temerarius
336 2037 454 2087 divinator
470 2036 594 2088 scriberet:
621 2037 724 2102 Ejectac
739 2036 835 2086 scandit
851 2052 951 2102 namque
968 2037 1058 2086 Gerasa
1075 2042 1160 2088 torum.

207 2148 248 2199 13.
283 2149 355 2199 Gron.
372 2153 408 2199 eat
424 2149 508 2198 delusa
512 2169 522 2207 ;
541 2149 616 2214 Neap.
633 2153 669 2198 est
685 2149 761 2198 elasa.

208 2261 248 2311 17.
282 2263 356 2312 Gran.
372 2262 436 2313 Hinc
450 2278 540 2329 quoque
554 2262 595 2326 qai
603 2266 690 2319 restet;
706 2262 782 2326 Neap.
791 2260 858 2310 Huic
863 2281 872 2319 ‚·
888 2259 1034 2310 uliiCodices
1042 2259 1092 2310 Hic
1100 2259 1138 2309 vel
1147 2260 1222 2310 Nassa.
1238 2258 1263 2307 Iu
1301 2205 1303 2242 ξ

174 2343 298 2410 Excerptia
312 2343 425 2409 Scaligeri
437 2344 524 2410 legitur
532 2349 643 2410 praestat
656 2359 699 2410 pro
712 2349 792 2394 restet.
809 2344 887 2393 Locus
901 2359 985 2409 anceps
999 2346 1024 2393 et
1037 2340 1158 2402 lubricus,
1171 2341 1263 2392 neabud

174 2425 263 2486 dicam,
280 2426 345 2475 varie
361 2427 407 2475 init
420 2442 435 2475 a
449 2427 544 2476 Criticis
560 2427 662 2491 agitatus
677 2430 747 2492 utque
761 2425 884 2491 expolitus.
902 2424 1079 2475 Broukhusius:
1098 2425 1169 2475 Nunc
1182 2438 1264 2490 quoque

173 2508 216 2574 qui
228 2512 314 2565 restet·
329 2507 370 2572 qui
384 2511 490 2566 maneat,
505 2511 640 2557 constanter
654 2512 723 2557 amet.
741 2509 903 2556 Brumannus:
919 2508 989 2556 Nunc
1003 2521 1095 2572 qaoque
1109 2504 1265 2571 qaidrectat?

174 2590 231 2655 quid
252 2589 369 2654 reliquum
391 2593 446 2640 est?
471 2591 528 2654 quid
550 2591 684 2654 agendum?
709 2591 887 2640 Lachmannusr
914 2589 980 2638 Huic
1002 2603 1093 2653 qaoque
1115 2587 1160 2652 qut
1175 2585 1265 2636 restat?

173 2673 229 2722 huie
256 2673 345 2738 perfido
373 2673 430 2737 quid
458 2671 574 2737 opponit?
596 2671 718 2722 Jacobius:
742 2671 808 2722 Hice
830 2687 922 2737 qaoque
944 2670 988 2735 qai
1008 2671 1107 2720 restat?
1134 2670 1170 2719 ita
1192 2668 1266 2718 delusa

174 2755 289 2820 quomode
312 2754 398 2805 amoris
418 2752 532 2804 illecebris
549 2753 657 2803 resistit?
683 2752 868 2818 Hertzbergius:
895 2753 961 2802 Huic
977 2767 1069 2817 qaoque
1084 2752 1127 2817 qai
1143 2754 1265 2810 cuichet

174 2837 283 2904 exponit:
309 2836 412 2902 Cynthia
431 2835 482 2899 jam
504 2836 596 2900 quaerit
612 2835 713 2884 alterum
730 2838 872 2894 amatorem,
889 2851 956 2900 quem
973 2835 999 2884 iss
1016 2836 1088 2884 talem
1105 2840 1208 2886 mentam
1224 2832 1266 2882 aa

173 2919 343 2985 quodammodo
368 2923 539 2968 reservaverat.
575 2916 666 2982 Quibus
693 2916 800 2967 omnibus
826 2916 993 2967 tentaminibns
1018 2916 1114 2976 obstat,
1139 2916 1165 2966 ni
1187 2915 1266 2970 fallor,

173 2999 324 3051 invenustum
341 3003 366 3050 et
382 2999 508 3049 molestum
523 2999 584 3048 illud
600 3003 682 3050 restat.
699 2999 800 3063 Majoris
817 3015 899 3050 versus
916 2998 1046 3048 obscuritas
1064 3002 1087 3049 et
1102 2999 1266 3065 scripturum

173 3081 274 3132 varietas
299 3080 415 3146 ambigere
436 3080 521 3145 jubent
541 3085 624 3131 utrum
646 3081 762 3132 ffistichm
785 3083 817 3131 sit
842 3082 1023 3148 Propertianum
1053 3097 1084 3130 an
1110 3081 1265 3148 suppositums

174 3165 247 3222 certe,
271 3163 291 3213 si
315 3163 343 3212 de
367 3165 513 3229 pentametro
538 3163 691 3227 inquirimus,
716 3166 822 3214 Panthus
845 3165 935 3230 primus
953 3164 999 3213 dici
1015 3180 1063 3214 non
1080 3167 1185 3230 poterat,
1201 3161 1263 3225 cnjm

173 3243 290 3294 fallaciam
313 3243 416 3309 Cynthia
437 3247 532 3310 experta
552 3247 615 3303 erat,
636 3262 688 3294 cum
709 3245 783 3310 elegia
805 3245 834 3294 II
857 3247 960 3312 puellam
976 3247 1092 3296 desertam
1109 3246 1138 3296 ab
1155 3247 1263 3302 amatore,

175 3325 217 3392 qui
232 3327 370 3377 Africanum
385 3327 478 3376 lucrum
494 3327 529 3376 illi
543 3327 699 3393 praetulerat,
714 3328 780 3378 nobis
796 3328 904 3378 ostendit.
922 3329 947 3378 Si
960 3328 1084 3378 distichum
1093 3328 1175 3388 tollas,
1189 3341 1263 3375 sensus

174 3423 221 3458 uon
235 3406 359 3458 laborabit.
394 3407 615 3473 quomodocumque
634 3424 659 3457 se
679 3423 716 3458 res
737 3407 833 3468 habeat,
856 3409 961 3474 vestigiis
977 3409 1129 3474 antiquarum
1144 3408 1262 3459 lectionum

174 3489 297 3548 insistens,
320 3505 396 3540 meam
418 3505 509 3554 qnoque
532 3490 715 3540 emendationem
736 3491 885 3541 concinnavi:
911 3491 959 3541 Hie
983 3506 1074 3556 qaoque
1096 3492 1138 3558 qai
1157 3493 1262 3556 precem.

175 3573 262 3622 Sensus
280 3569 336 3620 erit:
352 3569 402 3633 jam
419 3586 433 3620 a
448 3570 575 3635 longinque
591 3576 696 3638 tempore
710 3573 785 3638 (quasi
800 3573 887 3623 diceret
900 3588 1034 3639 perperam,
1047 3574 1145 3634 imtra)
1153 3569 1263 3638 quaeritur

175 3668 190 3705 a
208 3653 292 3721 puellis
310 3652 384 3712 alter,
404 3652 445 3718 qui
464 3652 621 3704 desultoribus
634 3654 687 3704 istis
702 3658 805 3720 praestet
818 3655 920 3718 (Iasoni,
937 3654 1020 3717 Ulixi).
1054 3654 1085 3703 ln
1099 3655 1185 3720 majore
1198 3667 1261 3702 versu

176 3734 305 3802 meatim
318 3733 347 3784 de
361 3732 461 3799 periuris
474 3732 591 3800 loquiturr
606 3736 631 3786 in
645 3736 719 3788 altero
734 3738 809 3788 oratio
823 3738 852 3787 ud
866 3737 994 3802 Cynthium
1010 3737 1162 3788 convertitur.
