2624 4398
546 367 585 430 63

133 543 308 624 Maecenas,
328 544 446 604 nostrae
466 557 534 620 spes
554 537 700 600 invidiosa
716 536 873 618 juventae,

174 647 215 708 Et
234 645 315 706 vitae
337 650 367 706 et
387 643 473 706 merli
493 641 588 722 gloria
603 641 686 720 Justa
706 657 806 702 meae:

134 751 167 812 Si
187 755 218 811 te
238 750 314 812 forte
335 767 400 812 meo
421 750 510 812 ducet
529 748 580 809 via
599 747 735 827 proxima
752 746 856 828 busto,
1070 744 1109 806 55

172 853 289 916 Esseda
309 852 431 914 caelatis
453 851 525 913 siste
545 851 688 911 Britanna
702 849 802 928 jugis,

133 958 279 1034 'Felisque
300 955 487 1016 inlacrimans
506 959 606 1016 mutae
621 954 690 1032 jace
710 952 801 1013 verba
821 949 957 1012 favillae:

176 1061 277 1136 „Huic
297 1061 405 1123 misero
425 1059 518 1121 laium
539 1057 613 1120 dura
632 1057 734 1136 puella
754 1055 839 1118 fuit.”

60 1225 86 1274 2.
124 1225 201 1292 Nesp.
218 1225 255 1276 Et
270 1229 387 1276 summat.

59 1335 84 1384 3.
121 1333 193 1400 Vulg.
211 1335 260 1386 edd.
279 1339 302 1386 et
319 1336 435 1388 Paccius:
453 1353 571 1388 versamus
584 1335 688 1404 praelia.
707 1335 779 1386 Gron.
798 1335 821 1384 et
837 1331 912 1398 Nesp.
930 1331 1057 1380 uersantes.
1075 1323 1111 1376 Ut

12 1417 76 1466 miles
94 1421 215 1468 enumerat
231 1418 343 1478 rrulnera,
361 1421 384 1468 et
398 1423 480 1486 pastor
494 1435 562 1479 oves,
576 1419 660 1469 itanos
670 1432 847 1476 enumeramus,
858 1413 999 1466 celebramus
1008 1412 1111 1462 mantes

10 1504 131 1550 uersantes
146 1499 234 1567 praelia
250 1501 275 1549 in
292 1500 367 1551 lectis.

45 1612 85 1662 10.
122 1610 290 1676 Hertubergias
308 1611 426 1662 contendit
443 1613 500 1664 bimo
516 1613 578 1663 sudu
595 1613 726 1680 significare
743 1613 788 1664 duo
806 1611 892 1670 maria,
908 1625 956 1660 uon
970 1605 1108 1662 duolitora;

13 1696 155 1760 quapropter
171 1697 265 1760 poetam
281 1693 327 1744 boc
343 1694 395 1744 loco
415 1699 511 1762 pontem
528 1711 575 1745 non
591 1695 767 1754 memoravisse,
790 1711 836 1762 quo
851 1695 939 1745 Xerxes
954 1691 1024 1742 litora
1040 1688 1109 1738 Asiae

14 1793 65 1826 enm
81 1777 177 1842 Europe
193 1775 330 1840 conjunxit,
347 1776 386 1826 sed
404 1775 467 1828 aliud
483 1777 572 1828 lacinus
588 1792 637 1828 non
653 1778 730 1828 minus
740 1777 801 1844 apud
809 1781 898 1828 veteres
905 1769 1109 1831 illustre‚scilicct

15 1859 92 1909 dibon
109 1863 214 1908 montem
233 1861 362 1925 perfossum
379 1863 402 1910 et
421 1861 584 1926 Strymoninm
602 1861 680 1910 sinum
697 1877 750 1910 cum
768 1859 881 1926 Singitico
894 1858 1010 1922 junctum.

48 1969 87 2020 16.
122 1969 194 2020 Codd.
212 1973 315 2022 classim
333 1973 409 2032 leus,
427 1989 498 2039 quem
516 1989 597 2024 vocem
614 1989 695 2024 versus
714 1973 745 2022 1³
760 1971 811 2036 jam
827 1969 905 2020 babet.
923 1967 1034 2018 Heinsius
1042 1981 1108 2033 repo-

17 2051 61 2100 suit
76 2053 137 2102 sela.
163 2053 193 2102 Iu
211 2055 382 2106 enumeratione
397 2071 456 2122 qnae
475 2055 605 2106 orationem
622 2059 733 2116 memet,
750 2053 911 2122 repetitionem
928 2050 1031 2116 ejusdem
1046 2049 1110 2100 vocis

17 2135 166 2200 negligentiae
182 2137 283 2187 auctoris
299 2137 401 2188 tribuere
417 2154 463 2188 non
480 2137 543 2188 licet.

49 2248 87 2298 17,
122 2249 183 2298 Cum
200 2250 335 2301 Christiano
352 2251 510 2300 Heimreichio
525 2250 625 2301 libenter
641 2251 737 2310 vellem,
752 2251 787 2300 uti
802 2250 919 2318 spurium,
937 2246 1109 2314 expellerevsr·

20 2343 79 2389 snm,
105 2329 146 2396 qui
170 2331 292 2382 inhoneste
317 2331 417 2383 celebrat
441 2333 554 2383 Perusina
578 2335 660 2383 lunera
682 2337 705 2383 ct
728 2333 852 2384 Octaviani
869 2335 979 2396 stragem.
1013 2329 1109 2393 Atque

20 2413 102 2464 nodos
119 2413 197 2480 liques
213 2415 340 2474 Etruscus,
357 2414 451 2481 regibus
467 2415 574 2466 Etruscis
591 2415 665 2465 adina
675 2417 798 2466 Maecenas
807 2414 916 2465 Perusiae
925 2411 1025 2471 cladem,
1036 2411 1109 2461 Oeta-

21 2492 77 2544 riani
102 2495 272 2546 immanitatem
297 2497 403 2557 rideret5
429 2514 458 2548 an
484 2497 561 2548 minus
587 2498 689 2548 amicitia
715 2498 819 2548 Caesaris
844 2513 900 2546 nsua
925 2495 990 2546 init?
1023 2495 1109 2544 Nonne

22 2575 175 2628 Brundusium
196 2579 264 2645 potiit
284 2579 376 2645 legatus
392 2580 421 2630 de
437 2584 511 2646 paca?
546 2581 683 2646 Propertius
700 2580 786 2631 civium
802 2583 826 2628 ci
842 2579 1027 2646 propinquorum
1044 2576 1105 2628 osle-

22 2661 121 2722 uitatm,
139 2661 276 2729 caedemque
292 2663 369 2713 animo
386 2663 521 2729 indignante
537 2663 628 2713 dixerat
639 2668 778 2729 perpetuum
787 2664 1021 2734 domrenpsnum3an
1031 2659 1107 2708 minus

23 2743 123 2808 Augusto
140 2759 231 2794 summa
248 2761 327 2796 rernm
343 2747 420 2814 potito
437 2746 495 2796 uilia
512 2751 568 2796 tura
584 2745 664 2795 dediti
691 2747 776 2795 Nonne
787 2743 894 2810 scripsit:
904 2744 1109 2792 uutestuueaslra

23 2827 122 2876 saumario
141 2827 245 2892 Mapuus
261 2829 323 2878 ero?
349 2829 409 2878 Cum
426 2843 516 2879 eversos
532 2829 595 2878 iocos
609 2827 720 2877 Etruscos
735 2825 855 2885 cantabat,
870 2841 923 2875 curn
939 2822 1022 2888 elegias
1039 2820 1108 2871 XXV

24 2909 44 2954 st
59 2909 158 2958 XXVII
175 2909 242 2959 Libri
258 2911 357 2960 Secundi
374 2911 498 2970 condebat.
516 2914 585 2977 poeta
601 2910 729 2976 aequalium
744 2925 838 2960 suorum
855 2907 959 2972 vaugiis
973 2903 1109 2963 incedebat,

25 2987 58 3049 qni
70 2993 122 3040 ante
131 2990 238 3042 Tacitum
245 2993 314 3043 fateri
322 2994 466 3060 potuissent:
484 3008 536 3044 cum
549 2993 649 3044 caeteris
657 2993 683 3043 u'u
690 2992 825 3042 semitutum
834 2990 931 3040 ruimus.
951 2988 1017 3037 Unus
1025 2984 1106 3036 'libul-

24 3068 56 3120 lus
70 3071 171 3124 nobilem
188 3073 274 3124 silentii
290 3075 402 3126 virtutem
418 3075 526 3126 serravit.

55 3180 93 3232 19.
127 3182 201 3233 endu.
223 3189 267 3234 uui
289 3201 396 3235 acuerem
420 3187 533 3251 Cyprum,
556 3185 617 3251 qnod
633 3185 743 3235 historiae
758 3185 881 3252 repugnat.
912 3183 987 3248 Neap.
1005 3183 1106 3246 cupium.

28 3257 111 3312 Vulnus
134 3280 216 3315 sanare
238 3263 283 3316 sibi
299 3267 343 3317 visi
361 3271 415 3318 sunt
431 3271 520 3318 veteres
537 3266 634 3316 editores
651 3266 810 3317 substituendo
827 3268 973 3332 decuplum,
991 3264 1030 3314 sed
1047 3265 1106 3313 Pto·

28 3341 136 3395 mustus
158 3347 232 3396 litora
254 3353 325 3413 captu
349 3347 430 3401 Peme
449 3349 498 3416 jam
522 3351 656 3416 Aegyptum
677 3349 787 3399 indicant.
816 3349 980 3399 Lachmannus
1006 3345 1107 3397 correxit

29 3421 71 3472 «lut
87 3441 173 3477 cauere
180 3428 306 3495 inciperem
314 3435 338 3482 st
346 3433 439 3492 Nilum,
449 3433 579 3498 intelligens
588 3433 615 3484 ‹ls
624 3432 712 3500 triplici
721 3431 821 3496 Augusti
831 3429 964 3495 triumpho,
975 3428 1092 3494 Aegyptio
1101 3466 1108 3487 ,

30 3501 117 3571 Illyrico
140 3514 164 3561 st
186 3512 293 3573 Actiaco,
311 3513 335 3563 in
353 3531 399 3580 quo
418 3515 468 3565 Nili
484 3515 560 3580 imago
578 3519 664 3582 septem
682 3514 747 3564 ostiis
764 3513 829 3562 tarde
846 3511 952 3562 incedens
966 3511 1036 3559 ducta
1053 3509 1106 3558 luit.

31 3583 147 3643 Ven'ssima
163 3594 266 3654 dictum
285 3600 310 3645 at
326 3613 411 3647 cuum
426 3598 565 3663 lampsacus,
583 3597 732 3663 praecedente
750 3596 800 3646 Aac
817 3593 1063 3658 cauercm,ingrstnm
1073 3593 1109 3640 est

32 3672 161 3740 etlanguet.
196 3678 216 3728 Α
244 3679 357 3728 Codicum
381 3679 485 3745 vestigiis
510 3694 556 3729 non
581 3677 649 3744 longe
670 3679 789 3738 recedens,
813 3676 896 3744 scripsi
917 3677 1016 3728 uictum:
1041 3673 1107 3726 Nilus

32 3753 97 3809 uum
113 3763 137 3810 st
152 3762 259 3827 captiuus
274 3762 358 3814 ductus
375 3761 400 3812 in
416 3761 544 3828 triumpho.
