2624 4398
577 337 617 397 39

57 507 61 514 “
171 505 229 567 Hie
249 506 320 568 lieet
338 509 617 586 oooultos‘proterro
637 509 757 590 impuno
777 511 908 591 dolores,
971 513 972 522 ’

212 609 245 671 Si
264 611 351 672 modo
371 613 434 672 sola
453 618 563 689 queant
583 633 657 675 saxa
677 598 777 676 tenero
798 599 895 675 fidem

171 713 258 774 Unde
278 717 343 776 tuos
363 716 490 794 primum
510 721 658 797 repetam,
680 737 746 780 mea
767 717 912 798 Cynthia,
932 717 1051 780 fastus?
1127 718 1146 778 5

212 815 297 891 Quod
317 818 391 878 mihi
412 818 465 880 das
485 819 591 898 flendi,
613 819 758 899 Cynthia,
778 820 979 899 prineipium?

172 916 230 992 Qui
251 919 337 980 modo
356 919 458 984 telioes
478 923 555 984 inter
575 925 752 985 numerabar
771 929 920 1003 amantes,

210 1022 298 1084 Nune
318 1023 349 1084 in
368 1042 468 1088 amoro
487 1029 538 1088 tuo
558 1043 645 1103 oogor
664 1026 773 1087 habore
793 1031 901 1087 notam.

172 1123 251 1200 Quid
270 1131 383 1189 tantum
404 1129 522 1190 merui?
545 1147 621 1206 quae
642 1133 672 1190 to
693 1128 766 1189 mihi
786 1128 911 1190 erimina
930 1127 1071 1188 mutant?

210 1227 259 1288 An
278 1248 355 1291 nova
376 1231 512 1292 tristitiae
533 1250 623 1293 eausa
643 1229 745 1309 puella
765 1229 857 1292 tuae?
1107 1231 1146 1302 10

171 1330 222 1393 sic
240 1332 314 1392 mihi
334 1338 364 1394 te
384 1334 509 1414 referas,
530 1335 622 1414 levis,
642 1339 676 1396 ut
695 1354 753 1396 non
774 1337 868 1398 altera
887 1337 986 1395 nostro

210 1435 327 1498 Limine
347 1436 487 1500 formosos
507 1438 607 1500 intulit
627 1439 690 1498 ulla
708 1436 815 1514 pedes!

172 1537 314 1613 Quamvis
334 1541 427 1600 mnlta
447 1540 502 1600 tibi
523 1539 606 1601 dolor
625 1540 674 1600 hio
695 1558 777 1601 mens
798 1557 903 1617 aspera
922 1539 1025 1616 debet,

210 1644 278 1704 Non
297 1644 340 1704 ita
360 1662 450 1704 saeva
470 1647 568 1704 tamen
589 1645 703 1704 venerit
723 1645 768 1703 ira
789 1660 874 1722 mea,

171 1743 213 1805 Ut
233 1745 288 1805 tibi
308 1746 364 1806 sim
384 1747 488 1808 merito
509 1765 625 1824 semper
645 1747 739 1824 furor,
761 1751 792 1808 et
811 1751 863 1807 tua
882 1745 978 1806 flendo
1107 1745 1144 1804 15

211 1845 338 1906 Lumina
358 1847 481 1924 dejectis
501 1849 600 1924 turpia
620 1849 679 1908 sint
699 1849 837 1910 lacrimis.

170 1945 234 2026 An,
255 1949 327 2023 quia
346 1967 440 2026 parra
459 1950 563 2010 damus
584 1954 696 2011 mutato
717 1951 935 2027 signantem,

210 2049 250 2108 Et
269 2069 327 2110 non
346 2051 409 2110 ulla
429 2069 495 2112 meo
516 2053 622 2112 elamat
643 2052 673 2110 in
694 2069 744 2111 ore
764 2049 860 2112 fides?

170 2152 231 2214 Vos
252 2154 335 2214 eritis
355 2159 464 2233 testes,
486 2155 511 2215 si
533 2173 605 2232 quos
626 2153 716 2215 habet
737 2156 823 2214 arbor
843 2172 971 2232 amores,

209 2257 325 2334 Pagus,
347 2261 377 2318 et
397 2256 524 2318 Arcadio
545 2259 633 2335 pinus
654 2258 749 2318 amica
770 2259 845 2318 deo!
1106 2260 1145 2319 20

169 2356 218 2417 Ah
238 2358 353 2434 quoties
374 2363 491 2420 teneras
511 2364 650 2422 resonant
671 2379 737 2421 maa
757 2360 850 2420 verba
871 2359 925 2421 sub
946 2361 1080 2439 umbras,

193 2460 352 2528 ,scribitur
373 2467 403 2523 et
422 2463 530 2524 vestris
551 2462 707 2527 Cunnum
727 2464 899 2524 corticibus!

167 2564 210 2628 At
229 2569 281 2628 tua
301 2570 373 2645 quot
392 2568 508 2644 peperit
529 2567 614 2628 nobis
635 2568 743 2646 injuria
764 2585 864 2644 ouras,

206 2667 289 2729 Haeo
309 2670 402 2729 solum
424 2669 522 2730 tacitis
545 2668 662 2745 cognita
683 2673 751 2729 sunt
771 2668 891 2728 foribus.

168 2768 275 2834 Omnia
294 2771 434 2832 consuevi
454 2770 576 2832 timidus
597 2771 727 2848 perferre
749 2771 894 2848 superbae
955 2821 957 2826 s
1105 2766 1143 2826 25

206 2875 311 2953 Jussa,
332 2891 427 2951 neque
448 2878 552 2950 arguto
573 2873 652 2935 faeta
672 2874 771 2936 dolore
792 2873 884 2948 queri.
979 2865 981 2868 ’

167 2977 224 3037 Ριο
244 2994 319 3055 quo,
341 2976 458 3037 decidui
478 2977 591 3055 fontes,
613 2981 643 3037 ot
663 2975 772 3052 frigida
791 2993 895 3053 rupes,

207 3079 247 3139 Iit
267 3079 353 3139 datur
373 3079 482 3139 inoulto
503 3079 622 3138 tramite
642 3078 716 3138 dura
735 3077 835 3157 quies3

167 3183 222 3261 Iit,
243 3183 446 3260 quodcumque
467 3201 550 3244 meae
571 3186 694 3259 possunt
713 3199 833 3242 narrare
853 3179 1005 3256 querelae,

206 3283 301 3362 Cogor
322 3285 361 3346 ad
381 3290 500 3362 argutas
519 3285 619 3346 dioere
640 3285 718 3346 solus
739 3301 819 3344 aves.
942 3311 947 3319 ·
1102 3280 1142 3339 30

166 3387 226 3449 Sed
245 3389 467 3465 qualiscumque
488 3407 536 3467 es,
557 3391 696 3450 resonent
715 3387 788 3452 mihi
809 3385 963 3448 ursmari
983 3383 1090 3462 silvae,

205 3493 269 3554 Neo
289 3493 407 3554 deserta
426 3498 476 3556 tuo
495 3493 613 3554 nomine
634 3509 707 3553 saxa
727 3495 842 3552 vaoentu

92 3641 118 3690 2.
157 3639 230 3689 Codd.
248 3641 283 3689 ut
299 3657 405 3690 vacuum.
427 3639 563 3690 Fonteinius
581 3640 713 3689 emendavit
729 3641 786 3689 Nec.
804 3640 854 3688 Nec
870 3637 963 3703 Zephiri
977 3635 1069 3701 quidem
1083 3649 1140 3683 aura

34 3723 149 3791 possidet
170 3722 215 3772 hoo
240 3737 321 3772 nemus
341 3726 366 3774 ot
381 3724 445 3778 ,haee
464 3723 558 3774 deserta
571 3721 636 3781 loos3
653 3721 717 3771 venti
733 3737 829 3788 nempe,
846 3721 866 3770 si
883 3735 965 3771 nemus
982 3718 1139 3786 possiderent,
1162 3797 1165 3803 ι
