2640 4400
186 381 299 428 xxv111
376 373 377 376 ¹

185 544 293 601 terram
318 501 429 600 miscet.
471 535 597 598 sedatur
626 538 805 616 paullisper3
835 535 986 596 obfirmato
1007 535 1137 616 judicio,
1164 555 1270 610 ‚navem

186 641 369 718 conscendit,
391 639 523 700 Athenas
543 640 680 719 navigat;
693 639 755 698 'sed
774 639 903 715 procella
923 638 1041 715 adorta,
1062 638 1156 700 fracta
1172 641 1270 699 carina

186 742 302 803 domum
323 743 480 814 revertitur
499 743 683 819 primumque
707 739 848 817 Cynthiae
868 731 981 800 librum
996 741 1124 818 evulgst

224 842 272 903 Ad
291 844 457 921 pactionem
476 845 613 921 veniunt,
635 861 710 904 anno
727 847 860 902 vertente
877 847 943 921 post
959 843 1176 904 discessionem.
1199 845 1269 905 Rur-

184 964 292 1022 susque
312 946 436 1026 frigora,
458 947 536 1023 irae,
555 946 685 1008 dolomm
696 947 877 1023 suspiciones
887 947 1027 1025 subeunt,
1041 947 1147 1024 quibus
1158 949 1269 1010 indoles

183 1053 213 1109 et
240 1066 287 1108 ars
315 1047 461 1125 Cynthiae
488 1048 606 1124 eopiosa
633 1048 742 1126 pabula
766 1049 916 1127 praebent
948 1049 1157 1111 Verumtamen
1177 1054 1271 1129 gloria

182 1153 308 1213 nominis
334 1153 397 1230 ejus
417 1153 481 1231 jam
503 1153 637 1231 emicuit,
661 1154 789 1213 earmina
809 1157 877 1213 sunt
897 1154 929 1212 in
948 1171 1000 1214 cua
1015 1154 1174 1234 Juvenum3
1197 1157 1270 1216 cele·

182 1255 304 1335 brescit,
335 1256 499 1318 Maecenati
531 1261 576 1318 est
605 1261 720 1335 gratus,
754 1274 900 1333 quumque
934 1255 1075 1333 Cynthiae
1106 1257 1271 1318 Secundum

183 1359 345 1438 emitteret,
366 1360 488 1422 Pontico
508 1360 602 1421 sodali
623 1359 740 1419 scribit:

399 1493 499 1560 Adspice
515 1482 552 1542 me
569 1493 606 1542 cui
621 1509 695 1559 parva
711 1492 775 1543 domi
791 1495 885 1542 fortune
901 1493 981 1543 relicta
997 1496 1047 1552 est,

431 1574 518 1624 Nullus
535 1579 558 1624 et
575 1575 670 1640 antiquo
686 1576 766 1624 Marte
783 1575 915 1641 triumphus
932 1575 982 1634 avi,

398 1657 433 1706 Ut
449 1673 543 1723 regnem
559 1657 644 1706 mixtas
660 1657 722 1706 inter
739 1657 836 1706 conviva
852 1657 940 1724 puellas

432 1739 486 1787 Hoc
502 1755 545 1804 ego
561 1755 607 1804 quo
624 1739 667 1788 tibi
683 1755 745 1788 nune
761 1738 849 1798 elevor,
866 1737 966 1804 ingenio.

185 1853 318 1915 Secundo
338 1855 413 1916 libro
434 1855 618 1916 eontinentur
639 1856 800 1916 amatoriae
817 1855 908 1918 febris
925 1855 1110 1916 decessiones
1128 1858 1158 1914 et
1174 1872 1271 1914 acces·

185 1958 281 2018 siones
302 1960 350 2020 vel
371 1959 403 2018 in
422 1959 547 2020 discidio
569 1960 751 2038 pertinaces,
778 1959 884 2035 probra
905 1958 935 2019 in
955 1957 1079 2019 feminas
1099 1957 1272 2035 pudicitiam

185 2062 375 2142 mentientes,
406 2063 587 2123 vesanientis
618 2063 738 2140 deliria,
769 2060 919 2122 renovatio
950 2079 1080 2121 amorum
1110 2060 1273 2137 laudesque

184 2167 362 2226 Maecenatis
382 2169 412 2225 ct
431 2164 567 2242 Augusti.

224 2267 259 2327 In
277 2268 378 2329 'lertio
396 2286 476 2328 amor
493 2268 544 2344 qui
562 2267 719 2328 triennium
737 2268 921 2345 perstiterat,
939 2286 997 2329 non
1007 2267 1134 2345 amplius
1144 2265 1275 2328 infremit

184 2374 236 2431 ant
256 2371 464 2432 tumultuatur:
487 2389 543 2430 eoo
560 2390 606 2432 me
623 2371 747 2432 crimina
756 2389 849 2448 perce
860 2375 986 2449 moneat,
998 2370 1049 2429 ait.
1070 2369 1179 2430 Rerum
1189 2389 1274 2432 usum

184 2475 214 2532 et
233 2472 422 2549 praeteritam
437 2472 622 2548 juventutem
642 2472 773 2548 graviter
795 2472 945 2550 enuntiat,
967 2489 1075 2532 annum
1092 2476 1231 2548 quartum
1247 2478 1275 2534 et

183 2575 355 2635 vicesimum
383 2593 489 2652 agens:
520 2573 646 2652 Cprrttia
677 2595 721 2636 me
743 2575 847 2635 docuit.
889 2574 1025 2636 Amutrix
1045 2578 1168 2636 nonest
1189 2594 1274 2637 omne

184 2677 323 2737 carminis
343 2681 562 2756 argumentum3
584 2677 710 2755 majora,
739 2677 888 2739 insolitum
908 2696 1029 2756 poeseos
1049 2697 1142 2756 genus
1162 2683 1274 2758 tentat,

183 2782 252 2842 licet
282 2781 446 2842 Maecenati
477 2782 515 2841 ad
546 2781 679 2842 heroicas
706 2799 805 2843 musas
833 2783 967 2843 incitanti
995 2784 1185 2861 respondeat:
1208 2785 1274 2844 Non

184 2887 250 2942 suot
271 2889 341 2960 epte
361 2861 442 2943 meae
461 2883 588 2961 praedia
607 2883 672 2944 aeta
691 2883 767 2952 cett:
790 2885 875 2961 eique
897 2884 1029 2964 Calliope
1050 2890 1148 2947 sonet:

400 3019 528 3068 Contentus
546 3018 619 3068 niveis
635 3033 727 3084 semper
743 3017 864 3068 vectabere
880 3017 970 3083 cycnis,

431 3102 455 3150 N
457 3116 482 3149 ec
497 3100 605 3150 talentis
622 3100 675 3168 equi
691 3101 759 3152 ducet
773 3100 801 3150 ad
819 3116 883 3150 suma
899 3117 975 3150 sonus.

185 3220 384 3282 Nihiloseeins
405 3221 564 3280 amantium
580 3219 681 3297 jurgia
702 3220 847 3296 quondam
868 3220 982 3281 acriora
1001 3223 1193 3300 renovantur3
1211 3225 1274 3284 tum

183 3326 271 3401 poeta
291 3323 503 3400 quinquennali
523 3323 644 3384 servitio
665 3322 843 3400 defatigatus
864 3321 1009 3400 Cynthiae
1029 3323 1185 3384 valedicit:

397 3461 465 3509 Nunc
482 3459 574 3508 demum
591 3461 657 3507 vasto
673 3456 728 3507 fessi
744 3457 900 3524 resipiscimus
917 3461 992 3516 aestu,

431 3541 576 3606 Vulneraque
593 3542 622 3591 od
639 3557 720 3592 sonum
737 3557 799 3592 nunc
815 3543 889 3591 coiere
905 3555 964 3590 mes.

395 3625 464 3674 Mens
481 3623 557 3683 bons,
575 3625 596 3674 si
612 3640 657 3690 qna
673 3625 714 3674 den
730 3640 768 3684 es,
785 3629 826 3674 tna
842 3639 879 3674 mc
894 3623 919 3674 iu
936 3622 1037 3673 sacrans
1052 3623 1133 3674 condo.

221 3743 352 3822 Simplex
387 3743 461 3806 haec
498 3761 610 3807 sunum
643 3744 783 3806 librorum
814 3744 988 3804 divisionem
1019 3741 1145 3825 indicat,
1175 3745 1272 3807 tribus
1312 3769 1313 3846 p
