2640 4400
149 794 155 812 ‘
208 795 1045 887 bulluldldlllmllBUSPROPuul'11.

443 996 820 1060 presunnnuro.

606 1216 685 1265 Mults
702 1219 756 1266 sunt
772 1235 829 1283 quoe
846 1220 953 1272 criticum
970 1239 1066 1273 eeunren
1084 1223 1173 1275 subter·

637 1299 748 1362 ingerunt
760 1303 813 1366 post
823 1301 947 1352 immensus
956 1305 1174 1357 commentariorum

637 1379 716 1429 moles.

773 1450 841 1498 Dru.
862 1449 992 1500 Humerus
1009 1451 1037 1500 ud
1055 1453 1139 1502 Horat.

337 2068 403 2115 Mi
431 2069 915 2120 unumunurn.

118 2219 218 2278 Pouoe
244 2217 282 2276 de
309 2215 455 2291 Propertii
482 2215 545 2274 vitu
572 2216 657 2276 nobis
684 2217 788 2276 literne
808 2217 1013 2298 prodiderunt3
1034 2237 1169 2296 quaeque

1 2331 2 2338 ’
73 2339 114 2380 ex
145 2321 225 2380 illius
253 2320 345 2396 elegis
372 2318 636 2398 deprehendimus,
668 2321 839 2396 plerumque
868 2320 963 2397 magis
994 2321 1169 2398 oonjeoturis

1 2415 2 2424 ’
72 2441 166 2500 quum
182 2422 271 2482 certis
288 2423 467 2498 argumentis
484 2423 625 2482 nituntur.
645 2422 788 2482 Pnuoiora
809 2421 882 2481 mihi
898 2439 968 2499 pree
986 2424 1109 2484 caeteris
1131 2441 1169 2484 ex

72 2527 131 2586 hoo
157 2525 237 2587 fonte
264 2526 382 2586 haurire
409 2527 498 2604 lieet,
526 2526 577 2602 qui
605 2527 711 2586 librum
739 2525 910 2602 Elegierum
938 2529 1073 2602 quartum
1098 2526 1167 2586 Pro·

73 2629 170 2704 pertio
191 2629 380 2688 asserendum
402 2645 467 2688 esse
488 2647 603 2705 negem.

114 2729 224 2790 Sextus
247 2729 385 2792 Aurelius
405 2732 573 2808 Propertius
593 2731 716 2792 honesto
736 2733 800 2792 looo
820 2735 906 2792 notus
928 2735 973 2792 est
993 2731 1024 2790 in
1045 2730 1168 2790 Umbria

73 2832 154 2893 haud
181 2834 268 2910 longe
295 2833 434 2911 Perusia,
463 2835 581 2893 ineunte
609 2837 726 2895 saeculo
755 2839 857 2895 octavo
882 2835 919 2894 ab
944 2834 1016 2894 urbe
1033 2834 1165 2914 oondita3

73 2955 130 3012 quo
153 2953 244 3014 anno,
266 2934 410 2995 dissident
430 2937 507 2997 inter
527 2954 559 2996 se
581 2937 696 2998 eruditi.
725 2935 867 2998 Omnibus
888 2939 965 2998 enim
983 2942 1052 2998 unte
1069 2939 1166 2999 oeulos

72 3041 209 3096 versatur
230 3041 260 3096 et
279 3037 377 3097 fuoum
397 3037 469 3097 fauit
490 3038 586 3114 elegia
606 3038 689 3099 Libri
711 3040 824 3120 quarti,
842 3039 894 3099 ubi
911 3038 1083 3115 Astrologus
1100 3056 1165 3116 per·

71 3143 208 3199 sonetum
229 3139 411 3216 Propertium
433 3140 475 3200 sio
496 3141 670 3217 alloquitur:

290 3267 394 3330 Ossaque
410 3265 501 3331 legisti,
519 3282 566 3316 non
581 3267 623 3316 illu
639 3269 715 3318 uetute
730 3267 825 3334 legende

323 3347 401 3396 Putris
418 3349 481 3398 etin
498 3351 578 3398 tenues
595 3349 684 3413 cogeris
699 3349 751 3416 ipse
768 3351 847 3401 Lures.

290 3430 352 3478 Nam
368 3433 410 3480 tun
427 3445 481 3479 oum
497 3429 567 3480 multi
584 3435 702 3481 versarent
718 3447 775 3482 rurs
788 3432 894 3496 juvenci,

321 3511 427 3561 Abstulit
443 3511 546 3562 excultas
562 3512 651 3578 pertice
667 3513 742 3562 tristis
758 3529 821 3580 opes.

288 3593 357 3652 Mox,
374 3594 415 3643 ubi
431 3594 495 3644 bullo
511 3595 564 3644 rudi
580 3595 679 3644 demisse
696 3598 731 3645 est
747 3612 817 3646 sures
833 3595 905 3656 eollo,

321 3677 407 3726 Matris
424 3680 448 3726 et
464 3679 518 3726 unte
532 3677 586 3726 deos
603 3677 676 3727 libero
692 3681 786 3744 sumptu
801 3681 869 3744 iuge,

289 3757 347 3807 lbrn
364 3759 408 3808 ubi
425 3775 497 3826 peuce
514 3776 555 3809 suo
571 3761 599 3810 de
615 3760 717 3810 cannino
732 3760 805 3810 dotet
821 3759 906 3826 Apollo
920 3762 962 3810 eto.
