2640 4400
395 660 672 730 ELEGIA
718 663 762 729 Π.

464 863 517 912 ΔΙ)
531 863 693 912 micum.

253 1030 335 1095 (Codd.
352 1031 398 1090 2ος
415 1030 499 1081 Burm.
517 1028 563 1090 18,
582 1029 642 1088 1113
659 1028 757 1080 Loehm.
775 1028 820 1089 19,
838 1029 895 1093 lv.)

67 1214 118 1264 Jem
139 1216 167 1265 F.
186 1217 218 1266 G.
236 1215 347 1266 Bnrthine
365 1213 563 1265 unimedvertebet
578 1213 639 1264 hene
656 1211 753 1278 elegiun
770 1213 807 1263 vol
824 1217 878 1264 unte
894 1231 974 1266 omnes
990 1216 1092 1284 reliques

98 1299 172 1348 Primi
180 1297 248 1348 Libri
258 1313 271 1346 e
280 1299 404 1364 Propertio
414 1313 463 1346 esse
471 1297 591 1362 scripturn.
606 1295 717 1344 Hostiam
726 1296 850 1360 (Cyntlrioe
858 1297 920 1346 enim
928 1313 1011 1348 nomen
1020 1299 1095 1350 adhue

97 1378 130 1428 illi
146 1395 194 1428 uon
211 1381 288 1429 fureret
309 1380 455 1446 impositum)
479 1378 508 1428 sb
525 1381 628 1428 metere
645 1392 699 1436 suo,
716 1378 821 1427 Africam
838 1381 943 1444 petente,
960 1379 1093 1434 derelictam

97 1466 165 1528 poeto
181 1462 279 1514 eomiter
295 1461 324 1512 ed
341 1461 480 1522 reinvitat,
498 1461 564 1526 eique
580 1460 649 1510 fidem
667 1459 793 1525 promittit,

148 1635 253 1698 Orodis
274 1655 340 1698 eum
355 1637 420 1716 jam
439 1654 526 1714 posse
546 1640 615 1697 tuae
635 1636 804 1698 meminisse
825 1636 954 1721 figurae,

188 1742 301 1803 Vidisti
321 1761 340 1803 a
359 1744 435 1802 leuto
456 1759 544 1818 quem
564 1741 635 1801 dare
655 1742 724 1801 vele
744 1740 819 1801 tuo?

147 1845 267 1924 Durus,
288 1845 339 1922 qui
358 1846 439 1907 luero
458 1845 555 1924 potuit
574 1847 688 1903 mutere
709 1843 854 1921 puellam!
918 1899 922 1908 .

189 1946 317 2007 Tantine
337 1947 385 2008 his
404 1947 535 2008 luerimie
554 1945 656 2008 Africa
676 1949 739 2006 tota
758 1945 838 2007 fuit?

149 2047 190 2111 At
210 2053 259 2130 tu,
280 2051 386 2130 stulta,
407 2049 493 2130 deos,
514 2053 548 2110 tu
567 2049 655 2126 fingis
675 2048 776 2109 inanis
796 2050 904 2112 verba:
1105 2059 1124 2117 5

189 2151 328 2212 Forsitan
347 2152 398 2212 ille
419 2153 478 2213 elio
497 2157 601 2230 peetus
622 2170 719 2212 amore
740 2157 826 2214 terat.

149 2255 205 2315 Ilst
225 2255 280 2314 tibi
299 2254 393 2315 forma
412 2259 532 2335 potens,
554 2257 622 2314 sunt
642 2258 741 2315 eaetee
762 2255 893 2318 Palladis
915 2262 1009 2340 artes,

191 2359 410 2438 splendidaque
431 2377 449 2418 a
470 2358 554 2419 dooto
574 2358 653 2419 fama
673 2358 802 2435 refulget
822 2377 887 2420 evo.
921 2401 922 2404 κ

150 2463 312 2525 Fortunata
332 2462 450 2541 domus,
470 2461 556 2522 modo
576 2461 616 2522 sit
636 2462 691 2522 tibi
711 2461 787 2522 fidus
807 2463 933 2525 eminus!

100 2613 102 2618 .
189 2566 283 2626 Fidus
304 2583 368 2646 ero;
390 2565 422 2625 in
441 2568 555 2625 nostros
576 2581 675 2644 eurre,
696 2566 812 2645 puella,
832 2569 920 2628 toros.
1086 2575 1126 2634 10

67 2739 89 2788 4.
121 2740 197 2806 Neep.
221 2739 333 2790 ruilione
349 2738 375 2788 in
392 2738 499 2790 lacrimis
503 2759 512 2796 ;
535 2739 607 2787 Gron.
622 2737 863 2797 Pantirnelooimin
877 2740 976 2790 Puooius
998 2743 1072 2792 Tanti
1087 2761 1124 2796 ue.

42 2819 133 2886 Repoeni
161 2821 261 2871 Tastina
283 2822 321 2871 hie
343 2822 465 2882 lacrimis,
489 2837 559 2887 quem
583 2820 764 2870 emendationem
781 2824 862 2886 postes
878 2822 926 2872 vidi
943 2839 956 2872 a
973 2825 1084 2876 Puldomo
1102 2831 1125 2878 et

42 2902 187 2970 Hertzbergio
204 2904 358 2970 propositum.

18 3031 19 3040 κ
68 3009 89 3058 5.
122 3009 254 3059 Fridericus
271 3007 382 3059 Jeeobius
398 3008 432 3058 sie
447 3008 628 3073 interpretetur:
651 3008 687 3057 Et
704 3007 760 3056 deos
776 3012 800 3056 et
816 3007 902 3058 inania
913 3010 1033 3074 promissa
1050 3016 1125 3065 stulte

43 3089 116 3154 tuom
132 3092 161 3141 id
172 3097 208 3141 est
214 3091 289 3156 saltis
305 3096 329 3140 te
345 3091 409 3148 ulis,-
426 3107 482 3138 nam
498 3106 560 3154 quae
575 3089 642 3138 nobis
651 3099 698 3138 nou
706 3105 762 3140 vera
765 3091 934 3156 finpimee,iis
935 3094 1059 3158 fallimur.
1077 3097 1126 3148 Alii

43 3171 106 3222 diter.
130 3173 182 3238 ligo
191 3189 260 3222 vero.-
278 3172 380 3222 Tumihi
389 3175 412 3221 et
420 3172 528 3238 precibus
539 3172 597 3221 meis
607 3171 677 3221 stulte
686 3173 784 3238 opponis
792 3173 858 3234 deos,
867 3191 910 3240 per
917 3192 975 3241 quos
984 3180 1082 3230 amatori
1089 3179 1125 3230 illi

43 3255 75 3304 tuo
95 3256 162 3306 iidem
175 3255 310 3320 juraveram
327 3253 405 3303 inanis
421 3253 492 3303 verbo
508 3254 564 3302 heeo
581 3257 637 3302 sunt
646 3273 653 3310 ς
670 3253 709 3302 ille
725 3254 836 3314 forsitan,
852 3256 975 3308 immemor
991 3261 1038 3321 tui,
1056 3261 1126 3312 elium

41 3335 81 3397 jan
96 3338 251 3404 amplectitur.
269 3338 370 3402 Finyere
385 3336 425 3384 hic
442 3335 522 3384 eodem
538 3351 611 3402 prope
627 3351 696 3385 sensu
713 3335 834 3402 eeoipitur,
852 3355 898 3404 quo
914 3341 939 3390 in
955 3341 1021 3408 Elog.
1040 3345 1086 3406 18,
1097 3345 1124 3397 I=

45 3419 99 3473 Quid
112 3421 172 3472 miei
188 3419 295 3470 acediae
310 3434 358 3469 non
375 3433 451 3468 cerras
462 3419 556 3486 fingere
572 3418 662 3468 crimen
678 3421 722 3468 eto.

18 3557 19 3568 π
70 3535 90 3585 6.
123 3536 196 3585 Grou.
213 3533 288 3591 ten'r,·
306 3533 381 3600 Neep.
400 3537 471 3582 terat.

44 3643 90 3772 h10.
121 3647 194 3696 Grou.
217 3650 241 3696 et
263 3647 339 3711 Neep.
362 3649 436 3697 torre.
469 3645 611 3696 Heiueienus
629 3648 653 3695 et
670 3645 836 3698 Borriclrieuus
852 3647 934 3710 sinus,
952 3649 1015 3715 quod
1031 3650 1123 3701 Brouk·

57 3727 113 3779 orius
129 3729 225 3794 recepit.
