2624 4398
565 358 604 417 89

41 531 169 595 iragmmio
185 527 299 595 poematia
319 527 427 580 Dictum
445 531 517 594 capue
534 527 624 580 Salina
633 528 690 596 sen
706 529 816 580 tomds'i
832 543 901 580 ama
922 529 991 590 Pati,
1005 529 1068 596 quod
1083 544 1134 582 aar·

41 628 88 661 meu
103 627 155 662 non
170 627 220 662 esse
236 611 417 678 Propertianum
433 610 458 660 in
474 611 633 662 dissmtationa
650 613 776 678 praemissa
792 611 891 679 probare
907 612 970 662 nitor

72 703 111 752 10.
146 703 206 752 Iam
222 703 289 761 Dea,
307 701 380 752 Godd.
397 700 525 752 Beroaldus
542 704 565 752 st
581 701 692 753 Paccius:
711 707 762 754 tum
778 704 840 753 Des.
871 701 990 768 Repetitio
1003 704 1079 766 jurat.

72 792 110 840 12.
147 792 237 841 Puella
253 791 340 849 marim
357 791 391 839 ita
406 790 431 840 in
448 789 580 856 Pmipilic
602 790 699 842 Veseris
715 789 826 841 habemns
839 792 935 856 puellas
951 791 1029 852 ruris,
1038 792 1136 857 puellas

42 889 117 924 mere.

71 965 109 1013 13,
146 963 219 1014 Ccdd.
237 963 266 1012 sl
283 962 414 1021 insidiam
439 960 539 1013 Puccins
551 977 614 1028 pras
629 961 732 1016 insidia.
766 962 892 1030 Eleganter
907 963 1061 1015 Marklandus
1078 980 1134 1032 pro·

39 1045 149 1110 ponebat:
167 1047 197 1096 ab
214 1046 316 1096 invidia.

70 1136 109 1188 15.
144 1137 200 1187 Hoc
222 1135 339 1186 distichon
362 1135 435 1187 Oodd.
457 1135 565 1186 inserunt
586 1138 640 1186 ante
662 1152 686 1186 v.
710 1136 740 1184 11
765 1138 789 1186 et
812 1152 876 1202 seqq.
910 1135 1026 1200 Traiectio
1042 1135 1135 1187 videtur

39 1217 176 1279 comesuris,
191 1219 246 1284 quia
260 1220 385 1284 naufragae
398 1217 488 1286 pachae
502 1216 627 1278 clamores,
642 1217 761 1285 Propertii
774 1233 858 1269 nomen
871 1219 988 1280 vocantia,
998 1218 1135 1270 eisosnnum

39 1299 204 1352 discusserunt.

73 1391 111 1441 l'l.
146 1390 195 1440 Hic
212 1390 310 1442 Codices
327 1389 415 1439 addunt

307 1472 352 1522 Sed
367 1471 412 1522 tibi
429 1471 531 1522 subsidio
547 1471 684 1538 delphinum
701 1487 793 1521 currere
808 1471 869 1532 vidi,

342 1555 403 1620 Qui,
420 1558 491 1621 puto,
508 1554 630 1605 Arioniam
645 1559 742 1605 vexemt
758 1558 811 1604 ants
827 1555 912 1620 lyram.

45 1637 177 1698 Distichon,
195 1637 252 1688 satis
268 1638 421 1697 concinnum,
438 1637 605 1704 interpolatum
617 1636 705 1701 judico.
740 1639 838 1697 Metus,
856 1638 891 1687 nti
908 1639 1040 1704 postremus
1055 1651 1137 1687 verane

44 1719 155 1779 declarat,
177 1720 281 1770 excussit
303 1736 422 1776 somnum
446 1720 511 1785 atqui
533 1720 608 1769 omnis
625 1719 716 1769 timoris
733 1735 803 1770 causa
815 1719 866 1784 jam
883 1718 990 1779 abiisset,
1004 1719 1024 1769 si
1041 1718 1138 1769 vidisset

45 1803 176 1870 delphinum
189 1807 322 1854 currentem
335 1803 449 1870 Cynthiae
458 1802 567 1853 subsidio.
584 1802 705 1852 Absonum
713 1819 805 1869 quoque
813 1806 848 1852 est
857 1806 984 1852 amatorem
993 1804 1049 1851 tnnc
1057 1801 1136 1851 conari

46 1903 67 1936 se
87 1889 181 1938 mittere
205 1902 275 1947 saxo,
293 1904 346 1937 cum
359 1887 411 1951 jam
427 1886 523 1936 deornm
540 1887 626 1937 auxilio
643 1886 707 1936 salva
724 1889 783 1936 esset
799 1885 876 1952 puella
881 1907 888 1944 3
906 1901 961 1934 nam
976 1883 1066 1933 lentum
1083 1899 1137 1933 enm

46 1970 126 2018 merito
148 1968 222 2028 dices,
246 1969 286 2034 qui
306 1971 454 2034 naufraganti
476 1969 562 2020 amicae
584 1969 703 2036 suppetias
724 1971 785 2019 ferre
808 1968 896 2033 cogitat
913 1983 939 2018 oo
956 1969 1050 2017 tantum
1066 1967 1137 2017 horae

46 2054 176 2113 momento,
193 2067 240 2117 qno
257 2051 390 2118 periculum
406 2051 530 2102 evanescit.

389 2266 665 2334 ELEGIA
710 2267 783 2333 XV.

261 2422 313 2469 ΑΙ)
334 2422 535 2470 camnulas!
556 2421 914 2470 Pnonlslscnnnnsr.

305 2544 388 2609 (Codd.
397 2545 444 2604 26,
453 2546 536 2595 Burm.
546 2545 591 2604 20,
602 2544 630 2596 II
638 2565 645 2604 ;
654 2545 753 2594 Lachm.
761 2545 808 2604 20,
818 2545 880 2606 ΙΙΙ.)

78 2685 108 2733 In
125 2684 198 2734 Oodd.
216 2681 361 2749 praecedeuti
377 2681 493 2732 adhaeret.
520 2683 615 2732 Novam
638 2681 735 2746 elegiam
756 2681 812 2732 hinc
828 2698 878 2732 esse
892 2682 1047 2732 inchoandam
1063 2682 1103 2732 ad·

111 2765 220 2815 monebat
232 2765 394 2824 Burmannus,
411 2764 465 2829 quia
481 2764 601 2830 sequentia
618 2764 677 2813 nihil
694 2780 815 2814 commune
831 2764 933 2815 habeant
950 2780 1103 2831 cumpraece·

111 2847 218 2898 dentibus
231 2847 259 2896 dc
275 2847 393 2912 Propertii
410 2846 511 2905 somnio,
529 2845 590 2912 quod
607 2847 695 2912 optime
711 2847 795 2896 ultimo
812 2846 853 2896 illo
870 2862 940 2897 versu
957 2846 1103 2898 absolvatnrr

114 2933 186 2986 Quum
204 2930 264 2979 mihi
280 2930 392 2980 discussit
408 2929 471 2978 talis
486 2929 539 2978 ciac
555 2934 637 2978 noetus.
655 2928 694 2977 Sic
703 2928 774 2977 etiam
783 2929 872 2979 censuit
884 2929 908 2978 J.
919 2930 949 2978 D.
959 2928 1104 2994 Lennepius,

111 3017 135 3063 st
159 3013 298 3063 recentiores
326 3011 425 3061 editores
450 3012 507 3060 dnae
533 3010 617 3076 elegias
643 3013 816 3076 separaverunt.
851 3010 908 3060 God.
935 3011 1105 3079 Neapolitanus

112 3111 195 3146 norem
212 3095 310 3160 elegiam
325 3095 410 3160 incipit
426 3109 447 3143 a.
464 3111 488 3144 v.
506 3094 531 3144 7.

163 3230 249 3290 Nunc
271 3229 467 3308 admirentur,
489 3228 567 3306 quod
588 3233 649 3289 tam
670 3226 743 3287 mihi
764 3228 867 3305 pulcra
886 3229 987 3306 puella

204 3332 336 3412 Serviat,
358 3337 389 3393 et
408 3336 471 3393 tota
491 3333 573 3394 dicar
594 3333 625 3392 in
645 3333 718 3392 urbe
739 3336 852 3410 potens.

166 3439 249 3518 Non,
270 3439 296 3500 ei
312 3439 378 3516 jam
398 3437 503 3514 Gygae
524 3436 647 3497 redeant
668 3440 698 3495 et
719 3435 842 3496 flumina
862 3433 978 3514 Croesi,

206 3541 310 3602 Dicat:
330 3541 376 3600 De
396 3544 495 3601 nostro
516 3558 621 3618 surge,
642 3542 747 3618 poeta,
768 3519 840 3599 toro.

167 3647 244 3707 Nam
264 3664 330 3706 mea
351 3663 417 3706 cum
437 3645 559 3724 recitat,
580 3645 652 3705 dicit
673 3662 705 3704 ee
727 3643 824 3705 odisse
844 3643 959 3704 beatos:
1120 3638 1140 3702 .5

207 3747 345 3809 Carmina
365 3752 426 3809 tam
447 3751 547 3809 sancte
568 3748 651 3807 nulla
672 3747 772 3824 puella
792 3745 871 3806 colit.
