2642 4396
679 349 738 407 232

284 518 366 578 Haec
385 521 540 594 postquam
559 521 682 595 querula
702 537 815 580 mecum
838 520 892 580 sub
913 520 966 580 lite
986 521 1119 599 peregit,
1233 523 1267 582 95

324 619 405 680 Inter
424 622 592 698 complexus
613 621 723 682 excidit
743 623 846 683 umbra
865 640 956 683 meos.

215 782 239 831 2.
273 782 346 832 Codd.
368 783 464 841 lurida5
486 784 525 833 sed
548 784 675 834 Vaticanus
698 785 726 844 V,
744 782 866 848 Perrejus,
883 784 919 834 ed.
938 784 1026 850 Rheg,
1045 787 1147 850 utreque
1167 785 1267 843 Aldina,

165 863 263 914 Juntius
278 866 368 915 lueida.
995 909 997 912 -

215 954 240 1003 4.
274 953 346 1003 Oodd.
367 970 483 1015 cremar,
508 956 532 1004 id
549 959 585 1004 est
600 955 638 1004 ria
654 953 790 1014 Tiburtina,
814 971 860 1020 qua
875 959 1006 1004 murmurat
1022 954 1089 1004 anio.
1117 954 1266 1021 Exemplum

166 1034 203 1084 vel
219 1035 339 1086 deterioris
355 1037 437 1088 aetatis
453 1037 610 1095 desideretur,
627 1037 653 1084 in
669 1053 715 1101 quo
733 1053 838 1086 marmur
855 1038 899 1086 boc
913 1053 981 1086 seusu
995 1041 1133 1102 usurpatum
1149 1039 1201 1096 sit,
1220 1037 1267 1086 sine

165 1116 320 1168 additamento
336 1135 424 1184 aquae,
442 1119 489 1168 rivi
505 1122 548 1169 etc.
574 1119 718 1168 Passeratius
734 1118 825 1182 legebat
841 1134 956 1177 marmor,
974 1119 1084 1168 Heinsius
1102 1119 1226 1182 Marpine
1242 1119 1266 1166 is

164 1204 290 1250 extremae.
317 1202 354 1250 dn
377 1201 470 1250 Tiburis
486 1206 591 1250 extrem
606 1218 681 1266 nuper
699 1202 798 1250 hamata
813 1201 875 1257 eia?

214 1287 237 1337 ὅ.
273 1289 346 1340 eodd.
364 1290 463 1349 amoris,
481 1289 496 1340 i
515 1307 534 1339 e.
553 1290 674 1356 Cynthiae.

199 1377 239 1428 15.
273 1380 360 1439 Gran,
384 1381 458 1446 Neap.
481 1384 505 1430 et
526 1381 590 1445 vulg.
612 1379 662 1429 edd.
680 1379 789 1444 ripilaeis
799 1381 876 1446 sarta
893 1371 1034 1438 Saburra&
1047 1381 1108 1446 quod
1125 1387 1264 1447 exponunt:

164 1461 228 1510 turta
251 1462 364 1511 amatoria
388 1463 412 1511 iu
437 1463 476 1512 uia
497 1463 602 1512 Saburra
624 1461 722 1511 canibus
744 1464 875 1526 frequente,
899 1463 939 1527 qui
961 1463 989 1511 ad
1012 1463 1077 1512 aedes
1098 1464 1264 1512 meretricium

163 1542 305 1607 vigilabautl
332 1545 373 1594 Me
396 1545 480 1595 Castor
502 1545 601 1594 nimium
622 1548 670 1594 est!
693 1546 757 1610 Ergo
779 1545 836 1594 haec
859 1561 919 1594 nova
937 1545 1038 1608 Cynthia
1054 1550 1108 1606 (nou
1126 1545 1149 1592 S.
1170 1546 1263 1594 Aurelii

165 1622 275 1686 Cynthia)
292 1639 358 1673 canes
375 1625 565 1691 pertimescebat,
582 1625 661 1675 eadem
678 1643 736 1691 quae
751 1627 910 1676 committebat
933 1625 1144 1676 Veseremtririo?
1161 1627 1262 1675 Mente-
1316 1669 1317 1680 .

163 1702 250 1764 liunus,
268 1706 409 1765 Vossianus,
427 1706 569 1757 Heinsianus
587 1713 650 1757 tecta
666 1724 710 1774 pro
721 1709 812 1774 sarta,
830 1709 957 1757 Vossianus
975 1709 1054 1757 salire
1067 1709 1262 1773 proSabarrae;
1316 1739 1317 1746 .

165 1785 188 1834 dt
204 1785 237 1835 sic
253 1787 297 1836 lld.
315 1788 390 1853 Rheg.
407 1803 494 1840 necnon
506 1789 611 1839 Volscus.
629 1791 698 1838 Unde
707 1789 819 1838 sinceram
828 1791 968 1854 scripturam
976 1790 1048 1838 furhse
1056 1789 1135 1838 credo:
1145 1790 1262 1854 ripilaeis

160 1860 227 1918 'tecta
242 1871 349 1920 sodada.
369 1871 463 1936 Vigilax
479 1874 514 1920 est
530 1872 664 1936 vir,quem,
675 1871 1022 1930 simavis,maritumsocabis.
1041 1871 1261 1920 LocusOridiauus

163 1951 219 2000 huic
241 1953 319 2002 versui
339 1957 363 2003 et
385 1953 531 2019 subsequenti
553 1954 629 2004 lucem
651 1954 751 2004 adiudit:
775 1955 810 2004 Ar
832 1959 860 2003 tu
877 1969 1049 2018 perpraeceps
1065 1959 1131 2026 tecto¹
1144 1953 1260 2003 aeuum

164 2039 260 2098 aperto.-
279 2037 333 2086 Det
347 2051 438 2101 quoque
448 2037 560 2101 furtivas
576 2039 629 2088 alta
642 2038 755 2103 saaestra
772 2037 831 2088 otas.
859 2037 914 2086 Art.
931 2038 985 2086 Am.
1003 2037 1046 2096 ΙΙ,
1064 2035 1120 2084 245.

197 2125 238 2174 23.
272 2126 345 2176 Grau.
362 2126 502 2185 inclausa·
520 2128 595 2194 Neap.
612 2128 757 2178 inclamavit.

197 2212 238 2265 25,
274 2214 346 2264 Oodd.
364 2231 442 2265 omues
458 2233 501 2266 raes
517 2217 616 2282 crepuit.
650 2217 766 2266 Immanis
783 2218 890 2283 portenta
906 2217 990 2266 eruditi
1008 2217 1153 2266 somniarunt
1167 2217 1194 2266 in
1211 2216 1258 2266 loci

163 2293 352 2360 interpretatione
374 2298 503 2348 haerentes.
538 2299 635 2357 Facilis,
658 2299 761 2364 vulgaris
784 2300 856 2348 immo
880 2300 992 2348 sententia
1008 2299 1095 2356 elucet,
1112 2299 1133 2348 si
1148 2298 1207 2363 legis
1223 2317 1258 2346 ara

163 2377 262 2442 crepuit.
295 2379 390 2430 Janitor
410 2381 541 2445 ingressum
563 2380 702 2446 prohibebat
724 2381 835 2439 moecho;
859 2381 911 2440 sed,
928 2381 1007 2447 puella
1023 2384 1170 2446 sagrotmte,
1187 2384 1259 2446 porta

163 2459 265 2524 patebat.
299 2461 486 2528 Pseudccynthia
508 2467 635 2513 amatorem
659 2465 748 2530 arguit:
773 2480 815 2513 cur
834 2479 881 2514 non
897 2463 999 2513 venisti?
1021 2466 1100 2513 custos
1115 2461 1198 2512 baculo
1215 2478 1257 2511 sno

162 2541 207 2590 tibi
223 2556 270 2591 non
286 2535 450 2603 minitabatur,
467 2561 509 2594 nec
525 2545 629 2610 tegulam
644 2547 670 2594 in
687 2550 757 2612 ceput
773 2551 841 2596 tuum
854 2546 920 2609 jecit.

195 2632 237 2681 26.
271 2632 344 2682 Codd.
361 2635 444 2684 liceat
460 2640 499 2692 et;
517 2635 636 2685 emendari
653 2635 775 2694 liaeatoe,
793 2635 907 2684 sententia
922 2634 1058 2701 imperante.

195 2718 236 2768 35.
271 2721 389 2772 Versuum
405 2723 509 2773 ordinem
526 2725 668 2774 commutavi
684 2741 755 2790 usque
772 2725 801 2773 ad
818 2727 888 2774 duem
904 2723 997 2789 elegiae.

195 2808 237 2858 48.
271 2810 343 2860 (lodd.
365 2812 428 2862 send
449 2828 491 2878 epo
513 2831 584 2879 qaam
606 2815 703 2864 insidiis
714 2813 813 2879 pallida
830 2814 887 2864 virsa
904 2814 959 2864 bili.
994 2814 1056 2864 Vina
1072 2814 1165 2863 venenis
1180 2813 1255 2863 mixta

163 2907 241 2942 omues
263 2893 446 2960 interpretantur
468 2899 560 2963 praeter
582 2896 733 2962 Scaligerum.
769 2896 871 2946 Omnino
893 2899 972 2947 tamen
987 2912 1032 2946 nou
1052 2899 1087 2946 est
1104 2896 1254 2954 credendum,

162 2975 271 3026 feminam
295 2993 382 3027 veneno
405 2977 506 3029 ablatam
528 2995 599 3028 vanas
621 2983 644 3028 et
666 2979 747 3044 longas
770 2979 924 3044 querimonias
945 2979 1071 3043 ejacuulare,
1094 2979 1200 3045 quodque
1221 2980 1253 3028 rei

163 3061 234 3122 eaput
256 3062 318 3119 erat,
341 3060 427 3110 crimen
450 3062 591 3110 horrendum
614 3062 701 3111 cursim
723 3062 831 3111 iudicare.
865 3063 929 3111 Hinc
946 3061 1049 3127 Scaliger
1065 3059 1211 3125 intelligebat
1227 3060 1254 3107 de

162 3140 217 3188 vino
234 3141 294 3207 quod
312 3142 423 3208 sepulcris
440 3142 564 3193 libabatur.
581 3143 632 3207 ligo
647 3158 702 3192 vero
717 3143 814 3206 conjicio
829 3143 856 3192 de
871 3143 964 3208 philtris
973 3143 1099 3192 amatoriis.
1120 3144 1176 3192 Jem
1184 3141 1252 3190 Dori·

162 3221 197 3271 dis
213 3223 322 3284 herbam,
347 3225 460 3275 Nomadis
477 3225 586 3285 salivam,
607 3226 709 3290 magicas
727 3230 800 3284 artes,
818 3241 876 3292 quae
894 3241 907 3274 a
923 3241 947 3274 se
965 3229 1091 3274 amatorem
1109 3224 1253 3290 eripuerant,

160 3303 273 3353 insectata
295 3309 343 3363 est}
365 3323 426 3358 nuuc
449 3309 608 3373 Lygdamum,
630 3309 670 3373 qui
692 3309 804 3358 amatoria
825 3308 909 3374 poeula
926 3324 940 3358 a
956 3308 1018 3372 sagis
1034 3310 1115 3372 parata
1132 3304 1254 3372 praebebat

160 3385 262 3434 domino.
288 3388 428 3439 Personatus
443 3390 545 3456 scriptor
560 3391 667 3440 imitatur
684 3391 780 3456 elegiam
801 3390 918 3453 Cynthiae
935 3389 987 3439 Lib.
1004 3390 1067 3440 Tert.
1085 3405 1133 3455 qua
1148 3389 1176 3438 de
1191 3389 1254 3436 hisce

161 3466 250 3516 artibus
272 3473 380 3534 nugatur.
416 3473 528 3538 Reposui:
554 3474 620 3522 Sensi
640 3488 696 3537 epo:
715 3479 742 3522 ta
758 3473 855 3523 insidiis
866 3473 963 3538 pallida
980 3472 1036 3522 aira
1053 3473 1120 3521 bitis.
1156 3471 1254 3520 Ovidius

161 3550 216 3598 Art.
232 3551 287 3600 Am.
305 3553 347 3612 ΙΙ,
368 3553 425 3604 1052
444 3556 494 3605 Nec
511 3555 570 3604 data
584 3555 722 3620 profuerint
733 3555 853 3620 pollentia
865 3555 961 3619 philtra
975 3554 1072 3618 puellis.

196 3643 236 3692 63.
271 3643 343 3693 Codd.
361 3661 410 3693 ana
427 3646 504 3704 vehit,
522 3648 600 3696 altera
619 3649 722 3696 Cressae.
749 3647 875 3712 Corrupte,
895 3646 948 3710 quia
965 3645 1044 3695 eadem
1061 3660 1122 3709 aqua
1135 3644 1254 3708 Clytaem-

165 3728 267 3789 nestram
284 3729 308 3774 et
323 3725 453 3791 Pasiphaen
471 3730 564 3792 portat;
582 3729 655 3778 altera
670 3745 725 3778 vero
743 3729 903 3779 Andromedeu
920 3733 944 3778 et
958 3729 1174 3794 Hypermnestram.
1193 3727 1253 3776 Pur·
