2624 4398
706 360 747 422 48

181 546 278 607 egetur,
287 555 334 590 non
343 538 400 589 setis
407 536 482 588 video.
500 535 594 602 Triplex
603 538 652 594 est,
666 534 690 584 ni
702 535 784 595 tullos,
799 535 1041 601 zeugms‚sccundum
1048 537 1098 584 tres
1106 533 1195 584 modos
1203 531 1276 599 qmbus

182 625 223 681 ilt;
247 621 286 672 esd
308 624 356 671 tres
378 619 442 686 modi
464 620 510 668 boc
524 634 652 670 ¹commune
668 618 769 677 hebent,
786 619 848 684 quod
863 617 888 667 in
905 617 1011 668 omnibus
1027 616 1171 667 subauditur
1187 615 1275 666 verbum

182 705 254 755 senius
268 701 463 770 siprificaliomb,
482 718 495 750 c
511 716 557 767 quo
574 700 679 751 membra
695 699 806 750 cretionis
822 699 932 766 pendent.
956 701 989 749 At
1005 699 1030 748 in
1047 701 1139 750 Nostro
1158 703 1276 749 revocatur

182 786 297 853 duplicem
312 784 356 834 sibi
367 783 578 833 vindicetsensum.
602 783 680 849 Quem
688 783 718 834 ob
727 799 777 833 rem
785 799 865 833 censeo
873 783 898 832 in
906 785 1051 849 pentametro
1059 780 1275 847 subintelligendum

182 882 231 916 esse
250 870 400 932 moereret,
423 865 542 932 persistit,
568 866 630 931 quod
654 866 781 916 assumitur
805 881 833 916 ex
854 865 927 917 verbo
950 864 1071 922 revocas-ic
1094 879 1121 915 re
1143 865 1210 914 enim
1230 876 1276 912 sere
1298 891 1299 924 t

182 948 269 997 femine
291 964 348 1014 ques
368 963 416 998 nou
431 952 555 998 revocetur
568 953 849 1014 percusseramus,
865 951 997 1015 perseveret
1012 947 1089 998 cicere
1104 947 1222 1013 turpila.
1244 945 1275 994 Sic

184 1030 304 1080 Cornelius
321 1031 415 1097 Nepos,
433 1031 516 1080 Cimon
534 1030 559 1081 I:
580 1031 857 1097 superinspectio
869 1047 996 1096 pascerem
1010 1029 1132 1080 Miltiadis
1145 1029 1274 1095 properiter

182 1113 209 1164 in
225 1113 310 1164 circlis
321 1113 426 1180 publicis
441 1113 552 1172 interire,
570 1114 680 1179 quereiam
693 1113 821 1179 prohibere
835 1119 925 1179 posen,
941 1129 1011 1180 seque
1029 1113 1122 1163 Galliae
1138 1118 1274 1180 nupturam

181 1195 255 1246 sica
277 1213 338 1262 quae
355 1196 525 1262 polliceretur,
542 1196 731 1262 praesidinm
758 1195 863 1262 Elpinice
881 1196 978 1261 separii
1001 1213 1026 1246 se
1049 1211 1177 1263 passurum
1199 1200 1274 1247 sicet

182 1279 259 1339 dicit,
270 1279 384 1346 comisit
399 1295 423 1329 se
439 1281 573 1345 nuptorum.

219 1369 258 1419 13.
292 1371 364 1419 Gron.
382 1372 406 1420 et
423 1369 497 1436 Neep.
513 1369 567 1420 Hcs
583 1367 653 1428 iile,
669 1369 814 1420 referendum
831 1369 859 1419 cd
874 1373 954 1420 coeles
970 1384 1051 1420 sersus
1061 1370 1101 1419 11.
1119 1369 1200 1420 Vetus
1207 1369 1274 1419 Codex

183 1451 307 1500 Pssscretii
323 1451 392 1502 Haec
407 1451 483 1512 inter,
500 1451 595 1502 interce.

217 1537 258 1588 22.
294 1539 366 1590 Godd.
387 1540 481 1606 tepido.-
507 1541 579 1591 limen
601 1540 733 1590 accubendo
754 1540 859 1606 tepidum
880 1541 982 1600 iactum,
1004 1538 1121 1606 explicent
1141 1538 1274 1606 interpretes

184 1620 237 1688 plus
253 1620 326 1672 nimio
342 1621 462 1688 ingeniosi.
489 1623 553 1690 Quin
572 1624 659 1674 Catulli
675 1623 743 1673 Attin
757 1623 877 1673 adducunt
882 1644 889 1682 ;
907 1623 945 1673 eod
954 1623 1006 1682 ille,
1019 1623 1057 1673 vel
1068 1622 1111 1672 illo
1118 1623 1186 1672 Attis
1194 1639 1273 1673 memo-
1300 1645 1301 1680 ς

184 1703 252 1754 rebat
258 1704 340 1755 domus
353 1705 472 1756 redimitas
485 1706 593 1766 floribus,
605 1707 687 1771 jenues
701 1709 833 1772 frequentes
848 1710 871 1756 et
883 1706 968 1755 limina
976 1704 1135 1770 tepida,dum
1142 1705 1275 1772 Propertius

185 1791 273 1838 moeret
289 1788 410 1854 pruinosus
432 1791 513 1839 ventos
535 1793 558 1839 et
577 1789 703 1839 matutinas
717 1789 819 1839 brumes.
844 1815 878 1825 -
901 1789 963 1852 Lego
985 1804 1038 1837 eum
1056 1786 1171 1838 Heinsio:
1195 1787 1274 1853 cipido.

185 1871 223 1921 Sic
241 1871 352 1931 Ovidius,
369 1872 423 1922 Ars.
442 1872 470 1931 1,
488 1873 516 1922 62
539 1871 585 1921 Vos
602 1887 693 1937 quoque
709 1872 817 1922 crudeles
832 1870 912 1936 ripido
928 1886 981 1920 cccc
998 1870 1081 1920 lisnire
1090 1875 1182 1936 postes.

218 1961 259 2012 25.
293 1962 366 2012 Gron.
383 1965 407 2012 et
424 1963 499 2029 Neup.
515 1962 622 2020 dolorem
639 1962 709 2012 ceteri
725 1963 826 2013 laborm.

219 2050 259 2103 38.
295 2051 367 2102 Codd.
383 2052 448 2104 irato
465 2052 545 2104 dicere
561 2058 613 2103 iota
630 2056 688 2104 loco.
722 2053 797 2104 Locus
813 2053 936 2104 manifesto
954 2056 1085 2120 corruptus.
1119 2053 1222 2103 Puccius
1238 2068 1274 2118 pro
1301 2039 1302 2048 ἵ

185 2137 238 2184 tole
259 2132 372 2185 sincerem
393 2133 518 2186 lectionem
539 2137 653 2187 restituit:
676 2137 762 2195 turlc;
786 2153 843 2202 ques
857 2137 972 2203 reperitur
988 2137 1058 2186 etiem
1073 2136 1098 2185 in
1116 2136 1241 2186 Dresdensi
1255 2141 1274 2184 et

185 2215 210 2268 in
227 2215 330 2282 Perrejo.
365 2217 452 2268 Deinde
469 2217 638 2284 Hertzbergius
655 2219 746 2284 egregie
762 2235 805 2285 pro
823 2222 874 2269 loco
890 2219 995 2284 reposuit
1004 2219 1071 2284 joco.
1097 2219 1175 2268 lenus
1191 2219 1274 2268 discret

186 2315 210 2348 se
226 2297 341 2366 pulsatum
358 2302 381 2349 et
398 2299 500 2350 senciem
516 2317 530 2350 e
546 2301 680 2367 potoribus,
698 2305 721 2352 et
736 2302 847 2352 traditum
861 2301 964 2352 obscenis
978 2300 1133 2361 carminibus;
1149 2303 1188 2352 cni
1201 2318 1275 2351 emens

185 2379 268 2446 objicit
284 2397 308 2432 se
324 2397 442 2448 uunquam
459 2399 510 2434 cem
526 2382 617 2434 laesisse
633 2385 756 2444 conviciis,
773 2402 834 2450 quae
849 2387 909 2434 colel
925 2385 989 2434 irato
1006 2383 1085 2435 dicere
1101 2385 1174 2435 turba
1184 2386 1250 2450 joco.
1302 2385 1303 2408 ³

219 2469 260 2520 42.
294 2470 438 2522 Passeratius
462 2473 562 2542 explicet
579 2490 621 2541 per
636 2475 792 2541 hypallagen:
820 2493 880 2541 genu
897 2475 965 2525 nixus
981 2475 1022 2524 fixi
1038 2477 1062 2524 et
1077 2474 1186 2540 impressi
1203 2473 1275 2524 oscule

186 2551 304 2620 gruellus.
337 2553 443 2605 llldilsius
459 2554 614 2622 proponebat:
639 2559 766 2623 osculaque
788 2558 900 2624 inspersis
915 2558 990 2608 mista
1007 2558 1064 2607 dedi
1080 2557 1202 2614 lacrimis5
1219 2557 1274 2606 Bur·

186 2651 300 2688 meouuss
321 2639 448 2703 osculaque
461 2637 556 2705 infleris
565 2639 621 2706 Jica
634 2639 691 2689 dedi
702 2639 816 2705 percibum
839 2640 949 2690 Heinsius
968 2639 1058 2706 legebat
1072 2641 1130 2706 fica
1146 2655 1190 2708 pro
1206 2639 1275 2695 rica,-

185 2715 296 2768 Jeccbics
310 2717 418 2770 maritus
431 2735 475 2785 pro
486 2719 602 2785 preditus
615 2724 639 2771 et
650 2722 676 2771 in
689 2738 758 2773 versu
772 2723 805 2772 44
816 2723 934 2788 preditus
947 2738 991 2789 pro
1008 2721 1124 2772 manitus.
1159 2723 1210 2787 Ego
1223 2721 1274 2770 olim

187 2798 337 2864 conjicerem:
352 2803 479 2868 osculaque
492 2801 518 2852 iss
533 2803 639 2854 lacrimis
646 2805 704 2872 firc
718 2805 774 2856 dedi
786 2805 909 2871 preditus.
931 2805 970 2855 Sic
985 2804 1122 2865 Lueretius,
1136 2804 1273 2864 1v,1173.·

187 2881 318 2936 Amator..
330 2883 445 2952 ,sorim
461 2885 532 2938 miser
548 2887 630 2938 escula
640 2886 706 2954 fipil.
732 2887 776 2937 Sed
792 2888 852 2937 nihil
868 2890 903 2937 est
918 2886 1063 2938 metendum.

498 3023 771 3092 ELEGIA
815 3025 971 3092 XXVIII.

396 3147 443 3198 su
470 3149 766 3200 rnsnronnss
792 3149 1067 3198 snnrnsoosr.

428 3249 510 3314 (occu
528 3249 573 3309 se,
591 3250 673 3300 num.
692 3251 737 3310 se,
755 3250 785 3301 11
792 3269 799 3308 ;
817 3250 916 3299 uacum.
935 3250 957 3308 r,
975 3248 1039 3310 111.)

222 3361 290 3414 lieno
299 3359 408 3428 cleptem,
420 3377 479 3428 quoe
486 3361 511 3412 lo
520 3357 643 3412 berberem
653 3364 676 3412 et
684 3362 777 3412 foedum
783 3361 863 3412 virum
871 3377 899 3412 ex
908 3359 994 3427 Illyric
1001 3359 1107 3410 reducem
1116 3356 1242 3416 invehitur,

254 3445 277 3494 et
294 3442 416 3511 potissimo
431 3442 520 3494 discidii
537 3459 606 3494 ceusu
622 3460 671 3495 esse
687 3442 778 3505 debuit,
794 3443 818 3493 in
836 3443 916 3493 Primo
933 3442 1007 3493 Libro
1021 3441 1141 3493 collocari.
1158 3441 1241 3490 Versus

255 3524 346 3594 spurios
364 3522 433 3592 ejeci,
450 3528 562 3592 regentes
579 3525 623 3578 elio
639 3526 665 3577 in
680 3526 759 3577 locum
775 3541 843 3578 snum
859 3525 948 3576 reduxi.

307 3637 431 3702 Praetor
451 3638 489 3702 eb
510 3637 637 3716 Illyricis
657 3639 739 3702 venlt
759 3639 861 3718 modo„
882 3637 1028 3718 cynthia,
1048 3638 1150 3718 terrie,

349 3740 482 3806 liexlme
502 3743 613 3822 proedo
632 3743 704 3824 tibi,
725 3744 855 3806 maxims
874 3760 944 3804 core
964 3741 1037 3803 nubi
