<?xml version="1.0" encoding="UTF-8"?>
<!DOCTYPE html PUBLIC "-//W3C//DTD XHTML 1.0 Transitional//EN"
    "http://www.w3.org/TR/xhtml1/DTD/xhtml1-transitional.dtd">
<html xmlns="http://www.w3.org/1999/xhtml" xml:lang="en" lang="en">
 <head>
  <title>
</title>
<meta http-equiv="Content-Type" content="text/html;charset=utf-8" />
  <meta name='ocr-system' content='tesseract 3.04.00' />
  <meta name='ocr-capabilities' content='ocr_page ocr_carea ocr_par ocr_line ocrx_word'/>
</head>
<body>
  <div class='ocr_page' id='page_1' title='image "./cynthiacumlibro00carugoog_0160.png"; bbox 0 0 2624 4398; ppageno 0'>
   <div class='ocr_carea' id='block_1_1' title="bbox 574 377 611 437">
    <p class='ocr_par' dir='ltr' id='par_1_1' title="bbox 574 377 611 437">
     <span class='ocr_line' id='line_1_1' title="bbox 574 377 611 437; baseline -0.027 0"><span class='ocrx_word' id='word_1_1' title='bbox 574 377 611 437; x_wconf 83' lang='lat'><strong>91</strong></span> 
     </span>
    </p>
   </div>
   <div class='ocr_carea' id='block_1_2' title="bbox 47 549 1146 784">
    <p class='ocr_par' dir='ltr' id='par_1_2' title="bbox 47 549 1146 784">
     <span class='ocr_line' id='line_1_2' title="bbox 47 549 1145 618; baseline 0 -15"><span class='ocrx_word' id='word_1_2' title='bbox 47 553 116 618; x_wconf 80' lang='lat' dir='ltr'><strong>volgo</strong></span> <span class='ocrx_word' id='word_1_3' title='bbox 135 551 192 603; x_wconf 84' lang='lat' dir='ltr'><strong>bulis</strong></span> <span class='ocrx_word' id='word_1_4' title='bbox 213 553 297 602; x_wconf 83' lang='lat' dir='ltr'><strong>fertur.</strong></span> <span class='ocrx_word' id='word_1_5' title='bbox 322 551 474 602; x_wconf 76' lang='lat' dir='ltr'><strong>Burmannus</strong></span> <span class='ocrx_word' id='word_1_6' title='bbox 497 549 667 616; x_wconf 80' lang='lat' dir='ltr'><strong>eorrexitjam</strong></span> <span class='ocrx_word' id='word_1_7' title='bbox 686 551 779 616; x_wconf 66' lang='lat' dir='ltr'><strong>(lupae,</strong></span> <span class='ocrx_word' id='word_1_8' title='bbox 798 549 904 602; x_wconf 79' lang='lat' dir='ltr'><strong>rodinum</strong></span> <span class='ocrx_word' id='word_1_9' title='bbox 917 550 1016 617; x_wconf 73' lang='lat' dir='ltr'><strong>vestigia</strong></span> <span class='ocrx_word' id='word_1_10' title='bbox 1029 565 1145 618; x_wconf 86' lang='lat' dir='ltr'><strong>premens.</strong></span> 
     </span>
     <span class='ocr_line' id='line_1_3' title="bbox 47 631 1144 700; baseline 0.001 -16"><span class='ocrx_word' id='word_1_11' title='bbox 47 637 124 700; x_wconf 77' lang='lat' dir='ltr'><strong>Gyges</strong></span> <span class='ocrx_word' id='word_1_12' title='bbox 142 634 189 684; x_wconf 87' lang='lat' dir='ltr'><strong>init</strong></span> <span class='ocrx_word' id='word_1_13' title='bbox 207 649 249 684; x_wconf 85' lang='lat' dir='ltr'><strong>rex</strong></span> <span class='ocrx_word' id='word_1_14' title='bbox 268 632 356 700; x_wconf 80' lang='lat' dir='ltr'><strong>Lydise</strong></span> <span class='ocrx_word' id='word_1_15' title='bbox 373 632 516 694; x_wconf 73' lang='lat' dir='ltr'><strong>ditissimus,</strong></span> <span class='ocrx_word' id='word_1_16' title='bbox 537 633 603 698; x_wconf 87' lang='lat' dir='ltr'><strong>eique</strong></span> <span class='ocrx_word' id='word_1_17' title='bbox 616 631 728 684; x_wconf 78' lang='lat' dir='ltr'><strong>Pactolon</strong></span> <span class='ocrx_word' id='word_1_18' title='bbox 749 635 774 684; x_wconf 88' lang='lat' dir='ltr'><strong>et</strong></span> <span class='ocrx_word' id='word_1_19' title='bbox 787 633 893 684; x_wconf 84' lang='lat' dir='ltr'><strong>Hermus</strong></span> <span class='ocrx_word' id='word_1_20' title='bbox 911 633 1052 685; x_wconf 84' lang='lat' dir='ltr'><strong>eonveniunt</strong></span> <span class='ocrx_word' id='word_1_21' title='bbox 1068 634 1144 700; x_wconf 74' lang='lat' dir='ltr'><strong>magis</strong></span> 
     </span>
     <span class='ocr_line' id='line_1_4' title="bbox 47 713 1146 784; baseline 0 -16"><span class='ocrx_word' id='word_1_22' title='bbox 47 734 116 784; x_wconf 91' lang='lat' dir='ltr'><strong>quam</strong></span> <span class='ocrx_word' id='word_1_23' title='bbox 134 715 276 782; x_wconf 72' lang='lat' dir='ltr'><strong>Cambysae,</strong></span> <span class='ocrx_word' id='word_1_24' title='bbox 297 716 341 766; x_wconf 89' lang='lat' dir='ltr'><strong>etsi</strong></span> <span class='ocrx_word' id='word_1_25' title='bbox 359 715 459 780; x_wconf 86' lang='lat' dir='ltr'><strong>Lydiam</strong></span> <span class='ocrx_word' id='word_1_26' title='bbox 476 713 520 766; x_wconf 88' lang='lat' dir='ltr'><strong>snb</strong></span> <span class='ocrx_word' id='word_1_27' title='bbox 538 715 588 780; x_wconf 83' lang='lat' dir='ltr'><strong>ejus</strong></span> <span class='ocrx_word' id='word_1_28' title='bbox 606 714 727 765; x_wconf 88' lang='lat' dir='ltr'><strong>dominatu</strong></span> <span class='ocrx_word' id='word_1_29' title='bbox 741 715 844 782; x_wconf 79' lang='lat' dir='ltr'><strong>positum</strong></span> <span class='ocrx_word' id='word_1_30' title='bbox 856 731 948 782; x_wconf 86' lang='lat' dir='ltr'><strong>quoqne</strong></span> <span class='ocrx_word' id='word_1_31' title='bbox 960 715 1031 767; x_wconf 81' lang='lat' dir='ltr'><strong>fuisse</strong></span> <span class='ocrx_word' id='word_1_32' title='bbox 1044 720 1146 768; x_wconf 82' lang='lat' dir='ltr'><strong>eonstut.</strong></span> 
     </span>
    </p>
   </div>
   <div class='ocr_carea' id='block_1_3' title="bbox 47 825 1152 2374">
    <p class='ocr_par' dir='ltr' id='par_1_3' title="bbox 81 825 996 1059">
     <span class='ocr_line' id='line_1_5' title="bbox 81 825 494 881; baseline -0.01 0"><span class='ocrx_word' id='word_1_33' title='bbox 81 830 105 881; x_wconf 87' lang='grc'><strong>6.</strong></span> <span class='ocrx_word' id='word_1_34' title='bbox 138 831 198 880; x_wconf 87' lang='lat' dir='ltr'><strong>Post</strong></span> <span class='ocrx_word' id='word_1_35' title='bbox 213 829 277 879; x_wconf 89' lang='lat' dir='ltr'><strong>huno</strong></span> <span class='ocrx_word' id='word_1_36' title='bbox 293 825 390 878; x_wconf 83' lang='lat' dir='ltr'><strong>Codioes</strong></span> <span class='ocrx_word' id='word_1_37' title='bbox 406 827 494 877; x_wconf 84' lang='lat' dir='ltr'><strong>habent</strong></span> 
     </span>
     <span class='ocr_line' id='line_1_6' title="bbox 248 908 996 976; baseline -0.001 -15"><span class='ocrx_word' id='word_1_38' title='bbox 248 909 355 962; x_wconf 88' lang='lat' dir='ltr'><strong>Multum</strong></span> <span class='ocrx_word' id='word_1_39' title='bbox 370 911 395 960; x_wconf 89' lang='lat' dir='ltr'><strong>in</strong></span> <span class='ocrx_word' id='word_1_40' title='bbox 412 925 491 960; x_wconf 75' lang='lat' dir='ltr'><strong>umore</strong></span> <span class='ocrx_word' id='word_1_41' title='bbox 507 909 574 969; x_wconf 80' lang='lat' dir='ltr'><strong>tideo,</strong></span> <span class='ocrx_word' id='word_1_42' title='bbox 592 908 696 959; x_wconf 89' lang='lat' dir='ltr'><strong>multum</strong></span> <span class='ocrx_word' id='word_1_43' title='bbox 712 909 844 960; x_wconf 84' lang='lat' dir='ltr'><strong>oonstautia</strong></span> <span class='ocrx_word' id='word_1_44' title='bbox 860 908 968 976; x_wconf 75' lang='lat' dir='ltr'><strong>prodeat:</strong></span> <span class='ocrx_word' id='word_1_45' title='bbox 989 913 996 920; x_wconf 91' lang='lat'>&#39;</span> 
     </span>
     <span class='ocr_line' id='line_1_7' title="bbox 217 991 926 1059; baseline -0.001 -16"><span class='ocrx_word' id='word_1_46' title='bbox 217 999 221 1006; x_wconf 93' lang='grc'><strong>“</strong></span> <span class='ocrx_word' id='word_1_47' title='bbox 283 993 331 1059; x_wconf 69' lang='lat' dir='ltr'><strong>Qui</strong></span> <span class='ocrx_word' id='word_1_48' title='bbox 346 992 401 1042; x_wconf 88' lang='lat' dir='ltr'><strong>dare</strong></span> <span class='ocrx_word' id='word_1_49' title='bbox 417 991 492 1042; x_wconf 85' lang='lat' dir='ltr'><strong>mults</strong></span> <span class='ocrx_word' id='word_1_50' title='bbox 507 995 597 1058; x_wconf 84' lang='lat' dir='ltr'><strong>potest,</strong></span> <span class='ocrx_word' id='word_1_51' title='bbox 615 991 690 1041; x_wconf 88' lang='lat' dir='ltr'><strong>multe</strong></span> <span class='ocrx_word' id='word_1_52' title='bbox 707 995 730 1041; x_wconf 90' lang='lat' dir='ltr'><strong>et</strong></span> <span class='ocrx_word' id='word_1_53' title='bbox 746 1007 824 1042; x_wconf 87' lang='lat' dir='ltr'><strong>amare</strong></span> <span class='ocrx_word' id='word_1_54' title='bbox 840 993 926 1058; x_wconf 79' lang='lat' dir='ltr'><strong>potest</strong></span> 
     </span>
    </p>

    <p class='ocr_par' dir='ltr' id='par_1_4' title="bbox 47 1073 1152 2374">
     <span class='ocr_line' id='line_1_8' title="bbox 82 1073 1146 1142; baseline 0.001 -16"><span class='ocrx_word' id='word_1_55' title='bbox 82 1075 214 1126; x_wconf 86' lang='lat' dir='ltr'><strong>Pessimum</strong></span> <span class='ocrx_word' id='word_1_56' title='bbox 228 1079 297 1141; x_wconf 81' lang='lat' dir='ltr'><strong>utque</strong></span> <span class='ocrx_word' id='word_1_57' title='bbox 305 1075 408 1125; x_wconf 87' lang='lat' dir='ltr'><strong>omnium</strong></span> <span class='ocrx_word' id='word_1_58' title='bbox 417 1073 708 1142; x_wconf 86' lang='lat' dir='ltr'><strong>pseudopropertiauorum</strong></span> <span class='ocrx_word' id='word_1_59' title='bbox 719 1074 914 1126; x_wconf 86' lang='lat' dir='ltr'><strong>absurdissimum</strong></span> <span class='ocrx_word' id='word_1_60' title='bbox 922 1075 1065 1126; x_wconf 75' lang='lat' dir='ltr'><strong>versiculum</strong></span> <span class='ocrx_word' id='word_1_61' title='bbox 1073 1075 1146 1127; x_wconf 88' lang='lat' dir='ltr'><strong>habes</strong></span> 
     </span>
     <span class='ocr_line' id='line_1_9' title="bbox 47 1157 1145 1226; baseline 0.002 -19"><span class='ocrx_word' id='word_1_62' title='bbox 47 1159 73 1207; x_wconf 92' lang='lat' dir='ltr'><strong>in</strong></span> <span class='ocrx_word' id='word_1_63' title='bbox 95 1161 249 1224; x_wconf 76' lang='lat' dir='ltr'><strong>pentametro.</strong></span> <span class='ocrx_word' id='word_1_64' title='bbox 284 1157 444 1226; x_wconf 84' lang='lat' dir='ltr'><strong>Interpolator</strong></span> <span class='ocrx_word' id='word_1_65' title='bbox 466 1173 507 1208; x_wconf 88' lang='lat' dir='ltr'><strong>nee</strong></span> <span class='ocrx_word' id='word_1_66' title='bbox 529 1157 697 1208; x_wconf 82' lang='lat' dir='ltr'><strong>sententiarum</strong></span> <span class='ocrx_word' id='word_1_67' title='bbox 720 1173 805 1207; x_wconf 85' lang='lat' dir='ltr'><strong>nexum</strong></span> <span class='ocrx_word' id='word_1_68' title='bbox 826 1173 868 1208; x_wconf 89' lang='lat' dir='ltr'><strong>nee</strong></span> <span class='ocrx_word' id='word_1_69' title='bbox 886 1173 1033 1210; x_wconf 86' lang='lat' dir='ltr'><strong>eommuuem</strong></span> <span class='ocrx_word' id='word_1_70' title='bbox 1050 1175 1145 1209; x_wconf 88' lang='lat' dir='ltr'><strong>sensum</strong></span> 
     </span>
     <span class='ocr_line' id='line_1_10' title="bbox 48 1238 1145 1308; baseline 0.004 -19"><span class='ocrx_word' id='word_1_71' title='bbox 48 1239 189 1290; x_wconf 78' lang='lat' dir='ltr'><strong>observavit.</strong></span> <span class='ocrx_word' id='word_1_72' title='bbox 214 1238 377 1291; x_wconf 85' lang='lat' dir='ltr'><strong>Broukhnsius</strong></span> <span class='ocrx_word' id='word_1_73' title='bbox 396 1239 509 1306; x_wconf 85' lang='lat' dir='ltr'><strong>¹opinetur</strong></span> <span class='ocrx_word' id='word_1_74' title='bbox 526 1255 619 1292; x_wconf 83' lang='lat' dir='ltr'><strong>versum</strong></span> <span class='ocrx_word' id='word_1_75' title='bbox 636 1241 750 1292; x_wconf 86' lang='lat' dir='ltr'><strong>minorem</strong></span> <span class='ocrx_word' id='word_1_76' title='bbox 766 1239 792 1290; x_wconf 92' lang='lat' dir='ltr'><strong>in</strong></span> <span class='ocrx_word' id='word_1_77' title='bbox 811 1240 895 1290; x_wconf 85' lang='lat' dir='ltr'><strong>Oodios</strong></span> <span class='ocrx_word' id='word_1_78' title='bbox 911 1242 1038 1308; x_wconf 87' lang='lat' dir='ltr'><strong>orobetypo</strong></span> <span class='ocrx_word' id='word_1_79' title='bbox 1053 1242 1145 1303; x_wconf 76' lang='lat' dir='ltr'><strong>deesse,</strong></span> 
     </span>
     <span class='ocr_line' id='line_1_11' title="bbox 48 1321 1145 1392; baseline 0.005 -22"><span class='ocrx_word' id='word_1_80' title='bbox 48 1321 192 1386; x_wconf 82' lang='lat' dir='ltr'><strong>sciolumque</strong></span> <span class='ocrx_word' id='word_1_81' title='bbox 204 1322 268 1371; x_wconf 86' lang='lat' dir='ltr'><strong>hune</strong></span> <span class='ocrx_word' id='word_1_82' title='bbox 276 1339 344 1372; x_wconf 89' lang='lat' dir='ltr'><strong>suum</strong></span> <span class='ocrx_word' id='word_1_83' title='bbox 357 1321 471 1390; x_wconf 74' lang='lat' dir='ltr'><strong>punxisse.</strong></span> <span class='ocrx_word' id='word_1_84' title='bbox 491 1322 620 1374; x_wconf 67' lang='lat' dir='ltr'><strong>‹Solebaut</strong></span> <span class='ocrx_word' id='word_1_85' title='bbox 633 1323 673 1373; x_wconf 89' lang='lat' dir='ltr'><strong>isti</strong></span> <span class='ocrx_word' id='word_1_86' title='bbox 686 1322 811 1373; x_wconf 77' lang='lat' dir='ltr'><strong>nebulones</strong></span> <span class='ocrx_word' id='word_1_87' title='bbox 828 1322 982 1374; x_wconf 74' lang='lat' dir='ltr'><strong>buberorun</strong></span> <span class='ocrx_word' id='word_1_88' title='bbox 998 1328 1145 1392; x_wconf 80' lang='lat' dir='ltr'><strong>temporum,</strong></span> 
     </span>
     <span class='ocr_line' id='line_1_12' title="bbox 48 1402 1148 1471; baseline 0.002 -18"><span class='ocrx_word' id='word_1_89' title='bbox 48 1404 126 1468; x_wconf 89' lang='lat' dir='ltr'><strong>inquit</strong></span> <span class='ocrx_word' id='word_1_90' title='bbox 148 1404 231 1453; x_wconf 84' lang='lat' dir='ltr'><strong>doctus</strong></span> <span class='ocrx_word' id='word_1_91' title='bbox 253 1403 303 1463; x_wconf 84' lang='lat' dir='ltr'><strong>vir¹</strong></span> <span class='ocrx_word' id='word_1_92' title='bbox 328 1403 347 1454; x_wconf 90' lang='lat' dir='ltr'><strong>si</strong></span> <span class='ocrx_word' id='word_1_93' title='bbox 368 1402 475 1454; x_wconf 79' lang='lat' dir='ltr'><strong>lacunam</strong></span> <span class='ocrx_word' id='word_1_94' title='bbox 498 1405 537 1454; x_wconf 88' lang='lat' dir='ltr'><strong>hie</strong></span> <span class='ocrx_word' id='word_1_95' title='bbox 553 1404 602 1454; x_wconf 89' lang='lat' dir='ltr'><strong>illio</strong></span> <span class='ocrx_word' id='word_1_96' title='bbox 619 1406 772 1463; x_wconf 81' lang='lat' dir='ltr'><strong>offenderent,</strong></span> <span class='ocrx_word' id='word_1_97' title='bbox 790 1421 841 1455; x_wconf 86' lang='lat' dir='ltr'><strong>eam</strong></span> <span class='ocrx_word' id='word_1_98' title='bbox 857 1405 961 1470; x_wconf 85' lang='lat' dir='ltr'><strong>explere,</strong></span> <span class='ocrx_word' id='word_1_99' title='bbox 979 1405 1048 1471; x_wconf 89' lang='lat' dir='ltr'><strong>idque</strong></span> <span class='ocrx_word' id='word_1_100' title='bbox 1063 1405 1103 1456; x_wconf 85' lang='lat' dir='ltr'><strong>vel</strong></span> <span class='ocrx_word' id='word_1_101' title='bbox 1119 1406 1148 1456; x_wconf 91' lang='lat' dir='ltr'><strong>de</strong></span> 
     </span>
     <span class='ocr_line' id='line_1_13' title="bbox 48 1485 1146 1552; baseline 0.005 -17"><span class='ocrx_word' id='word_1_102' title='bbox 48 1503 105 1546; x_wconf 91' lang='lat' dir='ltr'><strong>suo,</strong></span> <span class='ocrx_word' id='word_1_103' title='bbox 128 1487 191 1551; x_wconf 91' lang='lat' dir='ltr'><strong>quod</strong></span> <span class='ocrx_word' id='word_1_104' title='bbox 211 1485 330 1540; x_wconf 70' lang='lat' dir='ltr'><strong>multoties</strong></span> <span class='ocrx_word' id='word_1_105' title='bbox 349 1487 452 1546; x_wconf 84' lang='lat' dir='ltr'><strong>foetum,</strong></span> <span class='ocrx_word' id='word_1_106' title='bbox 476 1485 513 1536; x_wconf 87' lang='lat' dir='ltr'><strong>vel</strong></span> <span class='ocrx_word' id='word_1_107' title='bbox 536 1487 639 1537; x_wconf 89' lang='lat' dir='ltr'><strong>oonsntis</strong></span> <span class='ocrx_word' id='word_1_108' title='bbox 662 1503 690 1537; x_wconf 89' lang='lat' dir='ltr'><strong>ex</strong></span> <span class='ocrx_word' id='word_1_109' title='bbox 713 1487 790 1552; x_wconf 87' lang='lat' dir='ltr'><strong>ulique</strong></span> <span class='ocrx_word' id='word_1_110' title='bbox 814 1487 944 1552; x_wconf 87' lang='lat' dir='ltr'><strong>antiquiore</strong></span> <span class='ocrx_word' id='word_1_111' title='bbox 966 1487 1064 1538; x_wconf 76' lang='lat' dir='ltr'><strong>laciniis.</strong></span> <span class='ocrx_word' id='word_1_112' title='bbox 1096 1488 1146 1540; x_wconf 82' lang='lat' dir='ltr'><strong>Hir</strong></span> 
     </span>
     <span class='ocr_line' id='line_1_14' title="bbox 47 1567 1149 1635; baseline 0.002 -18"><span class='ocrx_word' id='word_1_113' title='bbox 47 1569 98 1634; x_wconf 87' lang='lat' dir='ltr'><strong>ipse</strong></span> <span class='ocrx_word' id='word_1_114' title='bbox 115 1567 243 1618; x_wconf 80' lang='lat' dir='ltr'><strong>versiculus</strong></span> <span class='ocrx_word' id='word_1_115' title='bbox 260 1569 354 1620; x_wconf 85' lang='lat' dir='ltr'><strong>edeotus</strong></span> <span class='ocrx_word' id='word_1_116' title='bbox 370 1572 407 1618; x_wconf 87' lang='lat' dir='ltr'><strong>est</strong></span> <span class='ocrx_word' id='word_1_117' title='bbox 422 1585 451 1618; x_wconf 86' lang='lat' dir='ltr'><strong>ex</strong></span> <span class='ocrx_word' id='word_1_118' title='bbox 469 1568 554 1620; x_wconf 82' lang='lat' dir='ltr'><strong>Ouidio</strong></span> <span class='ocrx_word' id='word_1_119' title='bbox 574 1568 627 1620; x_wconf 78' lang='lat' dir='ltr'><strong>Lib.</strong></span> <span class='ocrx_word' id='word_1_120' title='bbox 645 1571 662 1619; x_wconf 84' lang='grc'><strong>3</strong></span> <span class='ocrx_word' id='word_1_121' title='bbox 678 1571 745 1628; x_wconf 80' lang='lat' dir='ltr'><strong>Anu,</strong></span> <span class='ocrx_word' id='word_1_122' title='bbox 755 1585 789 1618; x_wconf 86' lang='lat' dir='ltr'><strong>va.</strong></span> <span class='ocrx_word' id='word_1_123' title='bbox 799 1569 829 1619; x_wconf 89' lang='lat'><strong>8:</strong></span> <span class='ocrx_word' id='word_1_124' title='bbox 846 1569 955 1632; x_wconf 80' lang='lat' dir='ltr'><strong>Imperat</strong></span> <span class='ocrx_word' id='word_1_125' title='bbox 962 1574 991 1619; x_wconf 86' lang='lat' dir='ltr'><strong>ut</strong></span> <span class='ocrx_word' id='word_1_126' title='bbox 999 1574 1096 1635; x_wconf 73' lang='lat' dir='ltr'><strong>raptae,</strong></span> <span class='ocrx_word' id='word_1_127' title='bbox 1106 1570 1149 1635; x_wconf 74' lang='lat' dir='ltr'><strong>qut</strong></span> 
     </span>
     <span class='ocr_line' id='line_1_15' title="bbox 49 1650 1146 1717; baseline 0.001 -16"><span class='ocrx_word' id='word_1_128' title='bbox 49 1653 109 1701; x_wconf 77' lang='lat' dir='ltr'><strong>dure</strong></span> <span class='ocrx_word' id='word_1_129' title='bbox 133 1653 211 1702; x_wconf 72' lang='lat' dir='ltr'><strong>multu</strong></span> <span class='ocrx_word' id='word_1_130' title='bbox 224 1655 335 1716; x_wconf 72' lang='lat' dir='ltr'><strong>poure·</strong></span> <span class='ocrx_word' id='word_1_131' title='bbox 366 1650 462 1706; x_wconf 67' lang='lat' dir='ltr'><strong>,Mirum</strong></span> <span class='ocrx_word' id='word_1_132' title='bbox 484 1654 564 1702; x_wconf 87' lang='lat' dir='ltr'><strong>tumen</strong></span> <span class='ocrx_word' id='word_1_133' title='bbox 586 1655 635 1710; x_wconf 87' lang='lat' dir='ltr'><strong>est,</strong></span> <span class='ocrx_word' id='word_1_134' title='bbox 656 1651 682 1700; x_wconf 90' lang='lat' dir='ltr'><strong>in</strong></span> <span class='ocrx_word' id='word_1_135' title='bbox 704 1651 839 1717; x_wconf 83' lang='lat' dir='ltr'><strong>improbum</strong></span> <span class='ocrx_word' id='word_1_136' title='bbox 856 1653 971 1702; x_wconf 81' lang='lat' dir='ltr'><strong>sartorem</strong></span> <span class='ocrx_word' id='word_1_137' title='bbox 987 1651 1025 1702; x_wconf 87' lang='lat' dir='ltr'><strong>vel</strong></span> <span class='ocrx_word' id='word_1_138' title='bbox 1041 1655 1146 1702; x_wconf 86' lang='lat' dir='ltr'><strong>sutorem</strong></span> 
     </span>
     <span class='ocr_line' id='line_1_16' title="bbox 48 1732 1147 1800; baseline 0.004 -18"><span class='ocrx_word' id='word_1_139' title='bbox 48 1733 106 1782; x_wconf 87' lang='lat' dir='ltr'><strong>nihil</strong></span> <span class='ocrx_word' id='word_1_140' title='bbox 129 1733 313 1783; x_wconf 79' lang='lat' dir='ltr'><strong>animadvertere</strong></span> <span class='ocrx_word' id='word_1_141' title='bbox 335 1733 429 1783; x_wconf 87' lang='lat' dir='ltr'><strong>oritioos</strong></span> <span class='ocrx_word' id='word_1_142' title='bbox 449 1733 597 1786; x_wconf 75' lang='lat' dir='ltr'><strong>recentiores.</strong></span> <span class='ocrx_word' id='word_1_143' title='bbox 630 1733 786 1784; x_wconf 83' lang='lat' dir='ltr'><strong>Marklaudus</strong></span> <span class='ocrx_word' id='word_1_144' title='bbox 803 1732 947 1799; x_wconf 78' lang='lat' dir='ltr'><strong>corrigebat:</strong></span> <span class='ocrx_word' id='word_1_145' title='bbox 966 1735 1043 1784; x_wconf 75' lang='lat' dir='ltr'><strong>multa</strong></span> <span class='ocrx_word' id='word_1_146' title='bbox 1058 1750 1147 1800; x_wconf 75' lang='lat' dir='ltr'><strong>usupare</strong></span> 
     </span>
     <span class='ocr_line' id='line_1_17' title="bbox 47 1815 1146 1882; baseline -0.003 -15"><span class='ocrx_word' id='word_1_147' title='bbox 47 1821 131 1882; x_wconf 77' lang='lat' dir='ltr'><strong>potest.</strong></span> <span class='ocrx_word' id='word_1_148' title='bbox 165 1815 302 1866; x_wconf 80' lang='lat' dir='ltr'><strong>Sontenius:</strong></span> <span class='ocrx_word' id='word_1_149' title='bbox 331 1817 377 1872; x_wconf 76' lang='lat' dir='ltr'><strong>Quu&#39;</strong></span> <span class='ocrx_word' id='word_1_150' title='bbox 398 1817 458 1866; x_wconf 81' lang='lat' dir='ltr'><strong>dure</strong></span> <span class='ocrx_word' id='word_1_151' title='bbox 478 1819 555 1866; x_wconf 86' lang='lat' dir='ltr'><strong>muttu</strong></span> <span class='ocrx_word' id='word_1_152' title='bbox 573 1821 666 1882; x_wconf 83' lang='lat' dir='ltr'><strong>potest,</strong></span> <span class='ocrx_word' id='word_1_153' title='bbox 691 1833 738 1866; x_wconf 78' lang='lat' dir='ltr'><strong>uon</strong></span> <span class='ocrx_word' id='word_1_154' title='bbox 762 1821 787 1866; x_wconf 83' lang='lat' dir='ltr'><strong>et</strong></span> <span class='ocrx_word' id='word_1_155' title='bbox 809 1831 892 1866; x_wconf 85' lang='lat' dir='ltr'><strong>umore</strong></span> <span class='ocrx_word' id='word_1_156' title='bbox 906 1820 994 1880; x_wconf 83' lang='lat' dir='ltr'><strong>potest.</strong></span> <span class='ocrx_word' id='word_1_157' title='bbox 1028 1815 1146 1865; x_wconf 86' lang='lat' dir='ltr'><strong>Burman·</strong></span> 
     </span>
     <span class='ocr_line' id='line_1_18' title="bbox 49 1897 1148 1963; baseline 0.003 -18"><span class='ocrx_word' id='word_1_158' title='bbox 49 1912 105 1947; x_wconf 91' lang='lat' dir='ltr'><strong>nus:</strong></span> <span class='ocrx_word' id='word_1_159' title='bbox 136 1897 182 1952; x_wconf 77' lang='lat' dir='ltr'><strong>out</strong></span> <span class='ocrx_word' id='word_1_160' title='bbox 203 1897 263 1947; x_wconf 81' lang='lat' dir='ltr'><strong>dore</strong></span> <span class='ocrx_word' id='word_1_161' title='bbox 284 1899 359 1948; x_wconf 82' lang='lat' dir='ltr'><strong>mutto</strong></span> <span class='ocrx_word' id='word_1_162' title='bbox 375 1902 467 1963; x_wconf 79' lang='lat' dir='ltr'><strong>potest,</strong></span> <span class='ocrx_word' id='word_1_163' title='bbox 490 1901 564 1948; x_wconf 84' lang='lat' dir='ltr'><strong>rtulte</strong></span> <span class='ocrx_word' id='word_1_164' title='bbox 586 1903 610 1948; x_wconf 90' lang='lat' dir='ltr'><strong>et</strong></span> <span class='ocrx_word' id='word_1_165' title='bbox 633 1915 714 1948; x_wconf 85' lang='lat' dir='ltr'><strong>amare</strong></span> <span class='ocrx_word' id='word_1_166' title='bbox 734 1903 818 1963; x_wconf 81' lang='lat' dir='ltr'><strong>potest.</strong></span> <span class='ocrx_word' id='word_1_167' title='bbox 853 1898 904 1962; x_wconf 80' lang='lat' dir='ltr'><strong>Ego</strong></span> <span class='ocrx_word' id='word_1_168' title='bbox 926 1899 1005 1947; x_wconf 91' lang='lat' dir='ltr'><strong>totum</strong></span> <span class='ocrx_word' id='word_1_169' title='bbox 1022 1897 1148 1948; x_wconf 79' lang='lat' dir='ltr'><strong>ffistiohum</strong></span> 
     </span>
     <span class='ocr_line' id='line_1_19' title="bbox 49 1979 1149 2046; baseline 0.002 -18"><span class='ocrx_word' id='word_1_170' title='bbox 49 1980 143 2028; x_wconf 83' lang='lat' dir='ltr'><strong>omitto.</strong></span> <span class='ocrx_word' id='word_1_171' title='bbox 170 1979 221 2030; x_wconf 83' lang='lat' dir='ltr'><strong>Nee</strong></span> <span class='ocrx_word' id='word_1_172' title='bbox 242 1980 312 2029; x_wconf 86' lang='lat' dir='ltr'><strong>fidem</strong></span> <span class='ocrx_word' id='word_1_173' title='bbox 333 1995 376 2030; x_wconf 83' lang='lat' dir='ltr'><strong>neo</strong></span> <span class='ocrx_word' id='word_1_174' title='bbox 392 1981 548 2030; x_wconf 77' lang='lat' dir='ltr'><strong>constantiam</strong></span> <span class='ocrx_word' id='word_1_175' title='bbox 565 1997 632 2032; x_wconf 88' lang='lat' dir='ltr'><strong>suam</strong></span> <span class='ocrx_word' id='word_1_176' title='bbox 650 1983 675 2032; x_wconf 85' lang='lat' dir='ltr'><strong>S.</strong></span> <span class='ocrx_word' id='word_1_177' title='bbox 691 1980 802 2030; x_wconf 85' lang='lat' dir='ltr'><strong>Aurelius</strong></span> <span class='ocrx_word' id='word_1_178' title='bbox 817 1980 907 2044; x_wconf 85' lang='lat' dir='ltr'><strong>jeotare</strong></span> <span class='ocrx_word' id='word_1_179' title='bbox 922 1983 1030 2046; x_wconf 87' lang='lat' dir='ltr'><strong>poterut,</strong></span> <span class='ocrx_word' id='word_1_180' title='bbox 1047 1979 1088 2046; x_wconf 89' lang='lat' dir='ltr'><strong>qni</strong></span> <span class='ocrx_word' id='word_1_181' title='bbox 1106 1995 1149 2046; x_wconf 89' lang='lat' dir='ltr'><strong>per</strong></span> 
     </span>
     <span class='ocr_line' id='line_1_20' title="bbox 49 2059 1152 2128; baseline 0.003 -19"><span class='ocrx_word' id='word_1_182' title='bbox 49 2077 137 2110; x_wconf 90' lang='lat' dir='ltr'><strong>annum</strong></span> <span class='ocrx_word' id='word_1_183' title='bbox 158 2059 184 2110; x_wconf 90' lang='lat' dir='ltr'><strong>iu</strong></span> <span class='ocrx_word' id='word_1_184' title='bbox 207 2061 315 2128; x_wconf 84' lang='lat' dir='ltr'><strong>turpibus</strong></span> <span class='ocrx_word' id='word_1_185' title='bbox 336 2061 497 2128; x_wconf 82' lang='lat' dir='ltr'><strong>voluptatibus</strong></span> <span class='ocrx_word' id='word_1_186' title='bbox 519 2067 597 2114; x_wconf 88' lang='lat' dir='ltr'><strong>totum</strong></span> <span class='ocrx_word' id='word_1_187' title='bbox 620 2080 644 2114; x_wconf 86' lang='lat' dir='ltr'><strong>se</strong></span> <span class='ocrx_word' id='word_1_188' title='bbox 667 2063 794 2114; x_wconf 86' lang='lat' dir='ltr'><strong>abdiderat</strong></span> <span class='ocrx_word' id='word_1_189' title='bbox 829 2061 886 2113; x_wconf 80' lang='lat' dir='ltr'><strong>Cod.</strong></span> <span class='ocrx_word' id='word_1_190' title='bbox 909 2063 985 2128; x_wconf 88' lang='lat' dir='ltr'><strong>Neap.</strong></span> <span class='ocrx_word' id='word_1_191' title='bbox 1007 2064 1030 2111; x_wconf 86' lang='lat' dir='ltr'><strong>et</strong></span> <span class='ocrx_word' id='word_1_192' title='bbox 1051 2062 1152 2112; x_wconf 81' lang='lat' dir='ltr'><strong>fortasse</strong></span> 
     </span>
     <span class='ocr_line' id='line_1_21' title="bbox 50 2130 1149 2212; baseline 0.002 -20"><span class='ocrx_word' id='word_1_193' title='bbox 50 2143 124 2192; x_wconf 83' lang='lat' dir='ltr'><strong>Codd.</strong></span> <span class='ocrx_word' id='word_1_194' title='bbox 146 2142 285 2192; x_wconf 76' lang='lat' dir='ltr'><strong>vetustiores</strong></span> <span class='ocrx_word' id='word_1_195' title='bbox 307 2143 420 2210; x_wconf 86' lang='lat' dir='ltr'><strong>superiori</strong></span> <span class='ocrx_word' id='word_1_196' title='bbox 442 2143 595 2195; x_wconf 86' lang='lat' dir='ltr'><strong>onueotebaut</strong></span> <span class='ocrx_word' id='word_1_197' title='bbox 618 2161 658 2209; x_wconf 72' lang='lat' dir='ltr'><strong>ser</strong></span> <span class='ocrx_word' id='word_1_198' title='bbox 681 2145 769 2212; x_wconf 89' lang='lat' dir='ltr'><strong>primos</strong></span> <span class='ocrx_word' id='word_1_199' title='bbox 792 2160 873 2194; x_wconf 88' lang='lat' dir='ltr'><strong>versus</strong></span> <span class='ocrx_word' id='word_1_200' title='bbox 900 2143 972 2208; x_wconf 87' lang='lat' dir='ltr'><strong>hujus</strong></span> <span class='ocrx_word' id='word_1_201' title='bbox 989 2143 1089 2209; x_wconf 76' lang='lat' dir='ltr'><strong>elegiae5</strong></span> <span class='ocrx_word' id='word_1_202' title='bbox 1106 2130 1149 2195; x_wconf 75' lang='lat' dir='ltr'><strong>ills</strong></span> 
     </span>
     <span class='ocr_line' id='line_1_22' title="bbox 50 2225 1150 2294; baseline 0.005 -20"><span class='ocrx_word' id='word_1_203' title='bbox 50 2241 102 2274; x_wconf 88' lang='lat' dir='ltr'><strong>oum</strong></span> <span class='ocrx_word' id='word_1_204' title='bbox 128 2241 176 2274; x_wconf 91' lang='lat' dir='ltr'><strong>nou</strong></span> <span class='ocrx_word' id='word_1_205' title='bbox 196 2229 259 2276; x_wconf 87' lang='lat' dir='ltr'><strong>reote</strong></span> <span class='ocrx_word' id='word_1_206' title='bbox 283 2226 474 2285; x_wconf 85' lang='lat' dir='ltr'><strong>concluderetur,</strong></span> <span class='ocrx_word' id='word_1_207' title='bbox 505 2227 619 2276; x_wconf 86' lang='lat' dir='ltr'><strong>amatorio</strong></span> <span class='ocrx_word' id='word_1_208' title='bbox 645 2231 768 2294; x_wconf 77' lang='lat' dir='ltr'><strong>praerepto</strong></span> <span class='ocrx_word' id='word_1_209' title='bbox 794 2225 950 2293; x_wconf 81' lang='lat' dir='ltr'><strong>interpolator</strong></span> <span class='ocrx_word' id='word_1_210' title='bbox 975 2225 1074 2277; x_wconf 78' lang='lat' dir='ltr'><strong>absolvit</strong></span> <span class='ocrx_word' id='word_1_211' title='bbox 1091 2242 1150 2279; x_wconf 79' lang='lat' dir='ltr'><strong>rem</strong></span> 
     </span>
     <span class='ocr_line' id='line_1_23' title="bbox 51 2306 1150 2374; baseline 0.005 -19"><span class='ocrx_word' id='word_1_212' title='bbox 51 2306 193 2358; x_wconf 88' lang='lat' dir='ltr'><strong>Meminerat</strong></span> <span class='ocrx_word' id='word_1_213' title='bbox 214 2306 352 2357; x_wconf 87' lang='lat' dir='ltr'><strong>Milanionis</strong></span> <span class='ocrx_word' id='word_1_214' title='bbox 368 2307 435 2374; x_wconf 76' lang='lat' dir='ltr'><strong>(eleg.</strong></span> <span class='ocrx_word' id='word_1_215' title='bbox 453 2307 466 2358; x_wconf 92' lang='lat'>1</span> <span class='ocrx_word' id='word_1_216' title='bbox 485 2307 537 2358; x_wconf 84' lang='lat' dir='ltr'><strong>Lib.</strong></span> <span class='ocrx_word' id='word_1_217' title='bbox 555 2308 639 2371; x_wconf 87' lang='lat' dir='ltr'><strong>Primi)</strong></span> <span class='ocrx_word' id='word_1_218' title='bbox 657 2311 681 2358; x_wconf 91' lang='lat' dir='ltr'><strong>et</strong></span> <span class='ocrx_word' id='word_1_219' title='bbox 696 2324 792 2360; x_wconf 80' lang='lat' dir='ltr'><strong>versus:</strong></span> <span class='ocrx_word' id='word_1_220' title='bbox 816 2309 916 2357; x_wconf 75' lang='lat' dir='ltr'><strong>tuntum</strong></span> <span class='ocrx_word' id='word_1_221' title='bbox 932 2307 958 2357; x_wconf 84' lang='lat' dir='ltr'><strong>tu</strong></span> <span class='ocrx_word' id='word_1_222' title='bbox 975 2323 1056 2358; x_wconf 82' lang='lat' dir='ltr'><strong>amors</strong></span> <span class='ocrx_word' id='word_1_223' title='bbox 1066 2325 1150 2374; x_wconf 73' lang='lat' dir='ltr'><strong>preces</strong></span> 
     </span>
    </p>
   </div>
   <div class='ocr_carea' id='block_1_4' title="bbox 48 2388 1151 2520">
    <p class='ocr_par' dir='ltr' id='par_1_5' title="bbox 48 2388 1151 2520">
     <span class='ocr_line' id='line_1_24' title="bbox 48 2388 1151 2456; baseline 0.005 -19"><span class='ocrx_word' id='word_1_224' title='bbox 48 2393 73 2437; x_wconf 83' lang='lat' dir='ltr'><strong>et</strong></span> <span class='ocrx_word' id='word_1_225' title='bbox 96 2388 225 2453; x_wconf 80' lang='lat' dir='ltr'><strong>dersesoeta</strong></span> <span class='ocrx_word' id='word_1_226' title='bbox 251 2391 344 2450; x_wconf 70' lang='lat' dir='ltr'><strong>vukrut,</strong></span> <span class='ocrx_word' id='word_1_227' title='bbox 371 2405 486 2456; x_wconf 88' lang='lat' dir='ltr'><strong>suumque</strong></span> <span class='ocrx_word' id='word_1_228' title='bbox 510 2391 624 2455; x_wconf 83' lang='lat' dir='ltr'><strong>mojorem</strong></span> <span class='ocrx_word' id='word_1_229' title='bbox 649 2390 785 2450; x_wconf 77' lang='lat' dir='ltr'><strong>iubrioovit3</strong></span> <span class='ocrx_word' id='word_1_230' title='bbox 812 2389 914 2442; x_wconf 85' lang='lat' dir='ltr'><strong>alterum</strong></span> <span class='ocrx_word' id='word_1_231' title='bbox 931 2389 961 2440; x_wconf 86' lang='lat' dir='ltr'><strong>ab</strong></span> <span class='ocrx_word' id='word_1_232' title='bbox 978 2389 1064 2441; x_wconf 84' lang='lat' dir='ltr'><strong>ovidio</strong></span> <span class='ocrx_word' id='word_1_233' title='bbox 1089 2391 1151 2442; x_wconf 84' lang='lat' dir='ltr'><strong>mele</strong></span> 
     </span>
     <span class='ocr_line' id='line_1_25' title="bbox 49 2469 178 2520; baseline 0.008 -1"><span class='ocrx_word' id='word_1_234' title='bbox 49 2469 178 2520; x_wconf 83' lang='lat' dir='ltr'><strong>mutuavit.</strong></span> 
     </span>
    </p>
   </div>
   <div class='ocr_carea' id='block_1_5' title="bbox 49 2583 1151 2800">
    <p class='ocr_par' dir='ltr' id='par_1_6' title="bbox 49 2583 1151 2800">
     <span class='ocr_line' id='line_1_26' title="bbox 83 2583 1151 2652; baseline 0.007 -20"><span class='ocrx_word' id='word_1_235' title='bbox 83 2584 124 2633; x_wconf 83' lang='lat'><strong>14.</strong></span> <span class='ocrx_word' id='word_1_236' title='bbox 161 2583 234 2634; x_wconf 81' lang='lat' dir='ltr'><strong>Grou.</strong></span> <span class='ocrx_word' id='word_1_237' title='bbox 261 2587 285 2634; x_wconf 90' lang='lat' dir='ltr'><strong>et</strong></span> <span class='ocrx_word' id='word_1_238' title='bbox 311 2585 387 2651; x_wconf 90' lang='lat' dir='ltr'><strong>Nesp.</strong></span> <span class='ocrx_word' id='word_1_239' title='bbox 405 2585 519 2652; x_wconf 75' lang='lat' dir='ltr'><strong>sriqs&#39;due</strong></span> <span class='ocrx_word' id='word_1_240' title='bbox 544 2586 641 2636; x_wconf 75' lang='lat' dir='ltr'><strong>Auster.</strong></span> <span class='ocrx_word' id='word_1_241' title='bbox 682 2585 799 2645; x_wconf 87' lang='lat' dir='ltr'><strong>Pueoius,</strong></span> <span class='ocrx_word' id='word_1_242' title='bbox 825 2584 936 2650; x_wconf 86' lang='lat' dir='ltr'><strong>Porrejus</strong></span> <span class='ocrx_word' id='word_1_243' title='bbox 952 2588 976 2636; x_wconf 88' lang='lat' dir='ltr'><strong>et</strong></span> <span class='ocrx_word' id='word_1_244' title='bbox 992 2585 1151 2639; x_wconf 80' lang='lat' dir='ltr'><strong>Heiusianusr</strong></span> 
     </span>
     <span class='ocr_line' id='line_1_27' title="bbox 49 2665 1150 2734; baseline 0.005 -21"><span class='ocrx_word' id='word_1_245' title='bbox 49 2665 170 2715; x_wconf 71' lang='lat' dir='ltr'><strong>turbidus.</strong></span> <span class='ocrx_word' id='word_1_246' title='bbox 189 2665 273 2716; x_wconf 87' lang='lat' dir='ltr'><strong>Verius</strong></span> <span class='ocrx_word' id='word_1_247' title='bbox 290 2667 417 2734; x_wconf 85' lang='lat' dir='ltr'><strong>epitheton.</strong></span> <span class='ocrx_word' id='word_1_248' title='bbox 436 2668 564 2728; x_wconf 77' lang='lat' dir='ltr'><strong>Horatius,</strong></span> <span class='ocrx_word' id='word_1_249' title='bbox 585 2669 662 2718; x_wconf 84' lang='lat' dir='ltr'><strong>Cornu.</strong></span> <span class='ocrx_word' id='word_1_250' title='bbox 680 2668 740 2728; x_wconf 88' lang='lat'>111,</span> <span class='ocrx_word' id='word_1_251' title='bbox 757 2668 786 2719; x_wconf 84' lang='lat'><strong>3:</strong></span> <span class='ocrx_word' id='word_1_252' title='bbox 805 2667 893 2719; x_wconf 78' lang='lat' dir='ltr'><strong>Auster</strong></span> <span class='ocrx_word' id='word_1_253' title='bbox 909 2670 967 2719; x_wconf 79' lang='lat' dir='ltr'><strong>Due</strong></span> <span class='ocrx_word' id='word_1_254' title='bbox 981 2667 1083 2733; x_wconf 75' lang='lat' dir='ltr'><strong>inquieti</strong></span> <span class='ocrx_word' id='word_1_255' title='bbox 1098 2674 1150 2720; x_wconf 86' lang='lat' dir='ltr'><strong>tur-</strong></span> 
     </span>
     <span class='ocr_line' id='line_1_28' title="bbox 50 2749 241 2800; baseline -0.005 0"><span class='ocrx_word' id='word_1_256' title='bbox 50 2749 122 2800; x_wconf 80' lang='lat' dir='ltr'><strong>bidus</strong></span> <span class='ocrx_word' id='word_1_257' title='bbox 140 2749 241 2800; x_wconf 81' lang='lat' dir='ltr'><strong>Adriuu.</strong></span> 
     </span>
    </p>
   </div>
   <div class='ocr_carea' id='block_1_6' title="bbox 48 2862 1154 3010">
    <p class='ocr_par' dir='ltr' id='par_1_7' title="bbox 48 2862 1154 3010">
     <span class='ocr_line' id='line_1_29' title="bbox 81 2862 1154 2938; baseline 0.002 -25"><span class='ocrx_word' id='word_1_258' title='bbox 81 2863 123 2913; x_wconf 83' lang='grc'><strong>17.</strong></span> <span class='ocrx_word' id='word_1_259' title='bbox 160 2863 234 2913; x_wconf 75' lang='lat' dir='ltr'><strong>tirou.</strong></span> <span class='ocrx_word' id='word_1_260' title='bbox 257 2865 281 2913; x_wconf 90' lang='lat' dir='ltr'><strong>et</strong></span> <span class='ocrx_word' id='word_1_261' title='bbox 304 2863 379 2930; x_wconf 88' lang='lat' dir='ltr'><strong>Neap.</strong></span> <span class='ocrx_word' id='word_1_262' title='bbox 402 2863 474 2914; x_wconf 70' lang='lat' dir='ltr'><strong>ratis</strong></span> <span class='ocrx_word' id='word_1_263' title='bbox 487 2862 568 2929; x_wconf 80' lang='lat' dir='ltr'><strong>Aryo;</strong></span> <span class='ocrx_word' id='word_1_264' title='bbox 590 2864 690 2914; x_wconf 84' lang='lat' dir='ltr'><strong>Pueoiue</strong></span> <span class='ocrx_word' id='word_1_265' title='bbox 706 2867 730 2914; x_wconf 90' lang='lat' dir='ltr'><strong>et</strong></span> <span class='ocrx_word' id='word_1_266' title='bbox 746 2864 864 2915; x_wconf 83' lang='lat' dir='ltr'><strong>Antonius</strong></span> <span class='ocrx_word' id='word_1_267' title='bbox 881 2864 982 2916; x_wconf 86' lang='lat' dir='ltr'><strong>Volsone</strong></span> <span class='ocrx_word' id='word_1_268' title='bbox 999 2867 1154 2938; x_wconf 85' lang='lat' dir='ltr'><strong>reposueruut</strong></span> 
     </span>
     <span class='ocr_line' id='line_1_30' title="bbox 48 2945 225 3010; baseline 0.006 -16"><span class='ocrx_word' id='word_1_269' title='bbox 48 2945 119 2995; x_wconf 72' lang='lat' dir='ltr'><strong>redde</strong></span> <span class='ocrx_word' id='word_1_270' title='bbox 137 2945 225 3010; x_wconf 80' lang='lat' dir='ltr'><strong>Aryus.</strong></span> 
     </span>
    </p>
   </div>
   <div class='ocr_carea' id='block_1_7' title="bbox 82 3055 679 3128">
    <p class='ocr_par' dir='ltr' id='par_1_8' title="bbox 82 3055 679 3128">
     <span class='ocr_line' id='line_1_31' title="bbox 82 3055 679 3128; baseline 0.01 -22"><span class='ocrx_word' id='word_1_271' title='bbox 82 3055 125 3107; x_wconf 80' lang='lat'><strong>25.</strong></span> <span class='ocrx_word' id='word_1_272' title='bbox 160 3057 234 3106; x_wconf 78' lang='lat' dir='ltr'><strong>tirou.</strong></span> <span class='ocrx_word' id='word_1_273' title='bbox 251 3073 303 3109; x_wconf 79' lang='lat' dir='ltr'><strong>uuum</strong></span> <span class='ocrx_word' id='word_1_274' title='bbox 313 3057 396 3124; x_wconf 80' lang='lat' dir='ltr'><strong>ferret</strong></span> <span class='ocrx_word' id='word_1_275' title='bbox 401 3079 410 3118; x_wconf 88' lang='lat'><strong>,·</strong></span> <span class='ocrx_word' id='word_1_276' title='bbox 430 3061 453 3110; x_wconf 93' lang='lat' dir='ltr'>N</span> <span class='ocrx_word' id='word_1_277' title='bbox 456 3077 505 3127; x_wconf 86' lang='lat' dir='ltr'><strong>eep.</strong></span> <span class='ocrx_word' id='word_1_278' title='bbox 524 3061 580 3111; x_wconf 86' lang='lat' dir='ltr'><strong>dum</strong></span> <span class='ocrx_word' id='word_1_279' title='bbox 590 3062 679 3128; x_wconf 82' lang='lat' dir='ltr'><strong>ferret.</strong></span> 
     </span>
    </p>
   </div>
   <div class='ocr_carea' id='block_1_8' title="bbox 50 3169 1153 3304">
    <p class='ocr_par' dir='ltr' id='par_1_9' title="bbox 50 3169 1153 3304">
     <span class='ocr_line' id='line_1_32' title="bbox 82 3169 1153 3241; baseline 0.008 -21"><span class='ocrx_word' id='word_1_280' title='bbox 82 3170 126 3220; x_wconf 78' lang='lat'><strong>29.</strong></span> <span class='ocrx_word' id='word_1_281' title='bbox 162 3169 253 3237; x_wconf 86' lang='lat' dir='ltr'><strong>Raptus</strong></span> <span class='ocrx_word' id='word_1_282' title='bbox 279 3172 403 3240; x_wconf 84' lang='lat' dir='ltr'><strong>Orithyiae</strong></span> <span class='ocrx_word' id='word_1_283' title='bbox 424 3175 526 3241; x_wconf 88' lang='lat' dir='ltr'><strong>probent</strong></span> <span class='ocrx_word' id='word_1_284' title='bbox 542 3177 643 3228; x_wconf 88' lang='lat' dir='ltr'><strong>Boream</strong></span> <span class='ocrx_word' id='word_1_285' title='bbox 659 3192 702 3226; x_wconf 87' lang='lat' dir='ltr'><strong>neo</strong></span> <span class='ocrx_word' id='word_1_286' title='bbox 719 3175 834 3228; x_wconf 86' lang='lat' dir='ltr'><strong>orodelem</strong></span> <span class='ocrx_word' id='word_1_287' title='bbox 851 3192 893 3228; x_wconf 87' lang='lat' dir='ltr'><strong>neo</strong></span> <span class='ocrx_word' id='word_1_288' title='bbox 910 3176 939 3226; x_wconf 88' lang='lat' dir='ltr'><strong>ub</strong></span> <span class='ocrx_word' id='word_1_289' title='bbox 956 3192 1034 3228; x_wconf 82' lang='lat' dir='ltr'><strong>umore</strong></span> <span class='ocrx_word' id='word_1_290' title='bbox 1051 3177 1153 3230; x_wconf 78' lang='lat' dir='ltr'><strong>alienum</strong></span> 
     </span>
     <span class='ocr_line' id='line_1_33' title="bbox 50 3268 107 3304; baseline 0.035 -2"><span class='ocrx_word' id='word_1_291' title='bbox 50 3268 107 3304; x_wconf 87' lang='lat' dir='ltr'><strong>osse.</strong></span> 
     </span>
    </p>
   </div>
   <div class='ocr_carea' id='block_1_9' title="bbox 49 3367 1153 3524">
    <p class='ocr_par' dir='ltr' id='par_1_10' title="bbox 49 3367 1153 3524">
     <span class='ocr_line' id='line_1_34' title="bbox 82 3367 1153 3440; baseline 0.01 -26"><span class='ocrx_word' id='word_1_292' title='bbox 82 3367 126 3416; x_wconf 80' lang='lat'><strong>32.</strong></span> <span class='ocrx_word' id='word_1_293' title='bbox 161 3367 236 3417; x_wconf 84' lang='lat' dir='ltr'><strong>Grou.</strong></span> <span class='ocrx_word' id='word_1_294' title='bbox 259 3373 283 3419; x_wconf 90' lang='lat' dir='ltr'><strong>et</strong></span> <span class='ocrx_word' id='word_1_295' title='bbox 306 3373 383 3438; x_wconf 86' lang='lat' dir='ltr'><strong>Neap.</strong></span> <span class='ocrx_word' id='word_1_296' title='bbox 407 3373 543 3424; x_wconf 83' lang='lat' dir='ltr'><strong>utteruuute</strong></span> <span class='ocrx_word' id='word_1_297' title='bbox 564 3387 647 3424; x_wconf 62' lang='grc' dir='ltr'><strong>νοντα.</strong></span> <span class='ocrx_word' id='word_1_298' title='bbox 681 3374 826 3439; x_wconf 84' lang='lat' dir='ltr'><strong>Interpretes</strong></span> <span class='ocrx_word' id='word_1_299' title='bbox 848 3373 1025 3440; x_wconf 72' lang='lat' dir='ltr'><strong>subintelligunt</strong></span> <span class='ocrx_word' id='word_1_300' title='bbox 1047 3373 1153 3434; x_wconf 76' lang='lat' dir='ltr'><strong>nocebit,</strong></span> 
     </span>
     <span class='ocr_line' id='line_1_35' title="bbox 49 3451 1153 3524; baseline 0.008 -25"><span class='ocrx_word' id='word_1_301' title='bbox 49 3451 95 3501; x_wconf 86' lang='lat' dir='ltr'><strong>erit</strong></span> <span class='ocrx_word' id='word_1_302' title='bbox 117 3451 218 3517; x_wconf 80' lang='lat' dir='ltr'><strong>inserta.</strong></span> <span class='ocrx_word' id='word_1_303' title='bbox 252 3453 298 3504; x_wconf 85' lang='lat' dir='ltr'><strong>Sed</strong></span> <span class='ocrx_word' id='word_1_304' title='bbox 321 3456 347 3504; x_wconf 91' lang='lat' dir='ltr'><strong>iu</strong></span> <span class='ocrx_word' id='word_1_305' title='bbox 372 3455 484 3507; x_wconf 84' lang='lat' dir='ltr'><strong>Votioouo</strong></span> <span class='ocrx_word' id='word_1_306' title='bbox 508 3458 528 3505; x_wconf 90' lang='lat' dir='ltr'>V</span> <span class='ocrx_word' id='word_1_307' title='bbox 551 3457 639 3523; x_wconf 80' lang='lat' dir='ltr'><strong>legitur</strong></span> <span class='ocrx_word' id='word_1_308' title='bbox 659 3463 725 3508; x_wconf 79' lang='lat' dir='ltr'><strong>voret</strong></span> <span class='ocrx_word' id='word_1_309' title='bbox 746 3473 790 3524; x_wconf 91' lang='lat' dir='ltr'><strong>pro</strong></span> <span class='ocrx_word' id='word_1_310' title='bbox 807 3473 893 3516; x_wconf 78' lang='lat' dir='ltr'><strong>uerae,</strong></span> <span class='ocrx_word' id='word_1_311' title='bbox 917 3459 1020 3518; x_wconf 76' lang='lat' dir='ltr'><strong>sineere,</strong></span> <span class='ocrx_word' id='word_1_312' title='bbox 1038 3462 1066 3508; x_wconf 87' lang='lat' dir='ltr'><strong>ut</strong></span> <span class='ocrx_word' id='word_1_313' title='bbox 1081 3463 1153 3524; x_wconf 86' lang='lat' dir='ltr'><strong>puto,</strong></span> 
     </span>
    </p>
   </div>
   <div class='ocr_carea' id='block_1_10' title="bbox 51 3534 1155 3758">
    <p class='ocr_par' dir='ltr' id='par_1_11' title="bbox 51 3534 1155 3758">
     <span class='ocr_line' id='line_1_36' title="bbox 51 3534 1155 3606; baseline 0.007 -24"><span class='ocrx_word' id='word_1_314' title='bbox 51 3534 185 3600; x_wconf 69' lang='lat' dir='ltr'><strong>scriptura,</strong></span> <span class='ocrx_word' id='word_1_315' title='bbox 200 3551 270 3601; x_wconf 85' lang='lat' dir='ltr'><strong>quum</strong></span> <span class='ocrx_word' id='word_1_316' title='bbox 285 3537 438 3590; x_wconf 85' lang='lat' dir='ltr'><strong>librariorum</strong></span> <span class='ocrx_word' id='word_1_317' title='bbox 452 3540 554 3591; x_wconf 76' lang='lat' dir='ltr'><strong>oalsmm</strong></span> <span class='ocrx_word' id='word_1_318' title='bbox 566 3541 592 3590; x_wconf 90' lang='lat' dir='ltr'><strong>iu</strong></span> <span class='ocrx_word' id='word_1_319' title='bbox 605 3556 704 3599; x_wconf 71' lang='lat' dir='ltr'><strong>ousae,</strong></span> <span class='ocrx_word' id='word_1_320' title='bbox 717 3540 753 3590; x_wconf 85' lang='lat' dir='ltr'><strong>vol</strong></span> <span class='ocrx_word' id='word_1_321' title='bbox 766 3555 842 3591; x_wconf 77' lang='lat' dir='ltr'><strong>vorsu</strong></span> <span class='ocrx_word' id='word_1_322' title='bbox 855 3539 968 3606; x_wconf 83' lang='lat' dir='ltr'><strong>eorrupit.</strong></span> <span class='ocrx_word' id='word_1_323' title='bbox 987 3539 1086 3590; x_wconf 82' lang='lat' dir='ltr'><strong>Ovidius</strong></span> <span class='ocrx_word' id='word_1_324' title='bbox 1095 3539 1155 3590; x_wconf 87' lang='lat' dir='ltr'><strong>Met.</strong></span> 
     </span>
     <span class='ocr_line' id='line_1_37' title="bbox 51 3617 946 3758; baseline 0.004 -23"><span class='ocrx_word' id='word_1_325' title='bbox 51 3617 135 3677; x_wconf 53' lang='lat' dir='ltr'>XIII,</span> <span class='ocrx_word' id='word_1_326' title='bbox 152 3618 198 3668; x_wconf 48' lang='grc' dir='ltr'><strong>δυ’</strong></span> <span class='ocrx_word' id='word_1_327' title='bbox 252 3688 388 3753; x_wconf 77' lang='lat' dir='ltr'><strong>Insertuut:</strong></span> <span class='ocrx_word' id='word_1_328' title='bbox 408 3693 476 3742; x_wconf 87' lang='lat' dir='ltr'><strong>voret</strong></span> <span class='ocrx_word' id='word_1_329' title='bbox 493 3692 552 3742; x_wconf 76' lang='lat' dir='ltr'><strong>haee</strong></span> <span class='ocrx_word' id='word_1_330' title='bbox 569 3697 667 3758; x_wconf 77' lang='lat' dir='ltr'><strong>ruptae,</strong></span> <span class='ocrx_word' id='word_1_331' title='bbox 684 3691 827 3756; x_wconf 76' lang='lat' dir='ltr'><strong>removitque</strong></span> <span class='ocrx_word' id='word_1_332' title='bbox 843 3689 946 3740; x_wconf 68' lang='lat' dir='ltr'><strong>eurtum.</strong></span> 
     </span>
    </p>
   </div>
   <div class='ocr_carea' id='block_1_11' title="bbox 55 3764 1155 3840">
    <p class='ocr_par' dir='ltr' id='par_1_12' title="bbox 55 3764 1155 3840">
     <span class='ocr_line' id='line_1_38' title="bbox 55 3764 1155 3840; baseline 0.002 -20"><span class='ocrx_word' id='word_1_333' title='bbox 55 3764 99 3816; x_wconf 73' lang='lat' dir='ltr'><strong>Sed</strong></span> <span class='ocrx_word' id='word_1_334' title='bbox 123 3783 166 3820; x_wconf 86' lang='lat' dir='ltr'><strong>our</strong></span> <span class='ocrx_word' id='word_1_335' title='bbox 187 3773 257 3820; x_wconf 79' lang='lat' dir='ltr'><strong>uasta</strong></span> <span class='ocrx_word' id='word_1_336' title='bbox 280 3770 430 3836; x_wconf 74' lang='lat' dir='ltr'><strong>Charybdis?</strong></span> <span class='ocrx_word' id='word_1_337' title='bbox 447 3773 559 3825; x_wconf 83' lang='lat' dir='ltr'><strong>Libenter</strong></span> <span class='ocrx_word' id='word_1_338' title='bbox 574 3774 675 3840; x_wconf 80' lang='lat' dir='ltr'><strong>legerem</strong></span> <span class='ocrx_word' id='word_1_339' title='bbox 693 3790 747 3826; x_wconf 84' lang='lat' dir='ltr'><strong>eom</strong></span> <span class='ocrx_word' id='word_1_340' title='bbox 765 3775 911 3828; x_wconf 79' lang='lat' dir='ltr'><strong>Burmeuuo:</strong></span> <span class='ocrx_word' id='word_1_341' title='bbox 929 3775 995 3826; x_wconf 82' lang='lat' dir='ltr'><strong>tortu</strong></span> <span class='ocrx_word' id='word_1_342' title='bbox 1012 3770 1155 3835; x_wconf 67' lang='lat' dir='ltr'><strong>Charybdis.</strong></span> 
     </span>
    </p>
   </div>
   <div class='ocr_carea' id='block_1_12' title="bbox 0 0 1323 4398">
    <p class='ocr_par' dir='ltr' id='par_1_13' title="bbox 0 0 1323 4398">
     <span class='ocr_line' id='line_1_39' title="bbox 0 0 1323 4398; baseline 0 0"><span class='ocrx_word' id='word_1_343' title='bbox 0 0 1323 4398; x_wconf 95' lang='lat' dir='ltr'><strong> </strong></span> 
     </span>
    </p>
   </div>
  </div>
 </body>
</html>
