2624 4398
706 283 765 347 110

309 457 388 520 'an
407 457 480 519 mihi
499 462 622 521 numae
642 459 735 521 libeat
753 458 921 538 perdiscere
941 477 1054 541 mores,

349 562 423 638 Quis
444 565 516 625 deus
536 564 613 625 hauc
631 564 732 624 mundi
753 566 896 640 temperet
916 567 980 625 arte
999 564 1134 644 domum3

309 663 376 742 Qua
393 667 476 727 veuit
496 666 652 747 exoriens,
666 683 725 742 qua
745 665 860 746 deficit,
881 666 959 727 unde
980 667 1089 729 coactis

348 767 493 832 Cornibus
510 772 543 832 in
561 771 679 849 plenum
699 774 848 832 menstrua
867 771 938 830 luna
957 769 1050 851 redit3

309 873 395 936 Unde
415 875 477 936 salo
497 879 637 953 superant
655 875 754 954 venti,
774 874 847 952 quid
866 873 984 936 flamine
1005 877 1104 952 captet

348 975 460 1056 Eurus,
482 980 513 1037 et
532 977 563 1036 in
582 977 677 1037 nubea
696 977 774 1038 unde
794 977 931 1065 perennis
951 995 1046 1058 aqua,

309 1076 342 1138 si
361 1082 487 1140 ventura
505 1079 584 1159 dies,
605 1080 707 1140 mundi
727 1099 802 1157 quae
823 1081 945 1142 subruat
965 1099 1066 1162 arces,

348 1180 516 1258 Purpureus
536 1183 652 1260 pluvias
672 1201 724 1243 our
743 1183 819 1244 bibit
839 1201 923 1244 arcus
944 1201 1053 1264 aquas;

308 1280 369 1344 Aut
389 1303 440 1345 eur
451 1284 622 1367 ¹Peurhaebi
642 1289 785 1346 temnere
804 1287 956 1347 cacumina
974 1287 1078 1368 Pindi,

348 1384 426 1446 Solis
446 1388 599 1450 statuatis
619 1389 729 1450 luxerit
747 1389 826 1452 orbis
847 1389 944 1465 equisz

309 1487 369 1550 Gur
388 1507 472 1550 serus
491 1507 609 1552 versare
629 1491 720 1552 bovas
740 1495 771 1552 ot
789 1492 923 1568 plaustra
942 1491 1065 1573 Bootes,

348 1592 503 1654 Pleiadum
523 1594 618 1671 spisso
638 1613 689 1656 eur
709 1596 767 1663 coit
787 1594 856 1672 igne
875 1594 1000 1676 chorus,

309 1693 405 1757 Ourve
425 1715 493 1758 suos
513 1696 586 1760 fines
606 1698 698 1760 altum
718 1717 776 1760 nou
796 1703 884 1760 exeat
904 1716 1028 1778 aequor,

349 1799 457 1860 Plenus
478 1803 509 1860 et
527 1800 559 1859 in
577 1805 677 1877 partes
697 1805 834 1878 quattuor
853 1820 946 1863 annus
969 1805 1033 1868 eat:

309 1900 369 1964 Sub
389 1904 475 1964 terris
495 1905 522 1965 si
536 1904 606 1982 jura
625 1904 712 1966 daim
733 1910 764 1967 et
783 1909 927 1966 tormenta
947 1903 1122 1984 Gigantum,

349 2005 528 2084 Tisiphones
549 2012 613 2069 atro
633 2009 659 2069 si
678 2007 748 2070 furit
768 2027 863 2086 angue
883 2011 991 2088 caput,

310 2105 371 2168 Aut
390 2106 597 2169 Alcmaeoniae
617 2108 712 2170 tiniae
731 2113 784 2171 aut
803 2110 914 2188 iejunia
933 2109 1060 2190 Phinei,

348 2211 429 2272 Num
448 2215 528 2290 rota,
549 2229 619 2272 num
639 2213 765 2292 scopuli,
787 2231 856 2273 num
877 2213 943 2274 sitis
964 2214 1041 2274 inter
1060 2229 1170 2293 aquas,

310 2313 388 2375 Num
408 2315 502 2376 tribus
522 2315 666 2376 infernum
686 2316 812 2376 custodit
832 2315 966 2377 faucibus
987 2317 1103 2376 antrum

351 2416 509 2498 Uerbanno,
530 2423 562 2492 et
581 2418 673 2495 Tityo
688 2419 795 2496 jugera
816 2436 910 2496 pauca
929 2436 1052 2498 novem3

310 2519 359 2582 An
378 2520 446 2583 ficta
465 2521 497 2581 iu
516 2522 639 2582 miseras
659 2521 810 2582 descendit
830 2521 930 2582 sabula
951 2525 1072 2602 gentes,

349 2623 390 2684 ut
409 2625 496 2684 timor
515 2622 596 2685 haud
615 2625 692 2685 ultra
712 2642 800 2700 quam
820 2642 909 2701 rogus
930 2642 995 2686 esse
1015 2627 1123 2700 potest

310 2727 417 2788 Exitus
436 2726 486 2788 hic
505 2727 585 2788 vitae
605 2732 724 2805 superet
744 2727 832 2788 mihi!
854 2745 922 2807 vos,
944 2728 1050 2804 quibus
1070 2745 1154 2788 arma

351 2830 443 2893 Grata
463 2831 572 2910 magis,
594 2829 694 2892 (irassi
713 2831 799 2908 signa
818 2832 925 2893 referte
945 2831 1072 2893 domum.

242 2987 266 3037 2.
301 2986 373 3038 Oodd.
389 2991 462 3037 dant.
480 2986 599 3050 Livinejus
615 2990 639 3037 et
655 2987 766 3038 Heinsius
782 2987 899 3038 malebant
914 2993 961 3038 aot.

241 3073 315 3126 3-5.
350 3075 423 3126 codd.
436 3091 460 3125 v.
475 3076 490 3124 3
504 3073 587 3140 post4
603 3077 626 3124 et
643 3074 658 3123 5
676 3078 729 3125 ante
745 3076 762 3124 4
780 3075 901 3126 collocant.
920 3075 954 3124 Ad
969 3091 992 3125 v.
1010 3073 1026 3124 5
1043 3076 1120 3142 Neep.
1138 3077 1262 3126 Nesaea-

193 3157 266 3208 Gron.
282 3159 337 3207 Non
353 3163 444 3220 tamn,
462 3155 640 3222 suffragantibus
658 3156 848 3215 Leidensi11,et
861 3158 972 3208 Vossiano
982 3158 1027 3208 IV.
1045 3158 1165 3208 Sententia
1174 3163 1262 3208 versuum

193 3239 352 3304 injectionem
365 3238 445 3304 jubet,
462 3238 612 3304 Groninganu
628 3239 746 3304 scriptus
762 3238 858 3288 indicat.

227 3331 267 3381 14.
302 3330 375 3381 Codd.
397 3331 432 3380 ad
451 3331 561 3397 infernae
577 3335 658 3389 ναΐας
676 3329 783 3395 Perrejus
799 3328 941 3398 porrigebat:
960 3331 990 3380 ab
1006 3330 1105 3397 inferna
1120 3335 1180 3382 rote.
1201 3320 1263 3376 Stffld

194 3429 248 3464 oum
263 3412 391 3462 Schradero
408 3417 435 3462 at
450 3413 549 3478 inferna
566 3418 625 3463 rote.

227 3501 268 3554 15.
301 3503 374 3553 Gron.
391 3503 539 3553 concedimur
555 3503 641 3560 ceradis,¹
660 3504 735 3568 Neap.
753 3502 850 3552 umbris.

227 3592 268 3642 18.
301 3592 373 3642 Gron.
386 3608 464 3658 parca
480 3607 542 3657 quoe
557 3592 621 3642 omis
638 3597 696 3658 opta
712 3591 758 3642 die.
777 3593 862 3658 Neap.
875 3607 954 3658 porca
970 3606 1031 3656 quae
1046 3590 1111 3641 vesu
1127 3595 1187 3643 acta.
1210 3589 1261 3636 ure·

194 3673 283 3736 densis,
301 3667 487 3739 Hamburgensis
498 3679 574 3740 parta
590 3691 651 3740 puae
666 3675 737 3725 vead.
760 3673 821 3724 Cum
839 3674 969 3724 Passeratio
985 3672 1102 3738 intelligo:
1121 3665 1263 3741 optimumst
