2624 4398
554 357 594 422 45

146 533 186 595 lit
205 533 314 594 leotnm
334 530 439 594 dentes
460 529 714 594 oirenmeteremne
734 530 839 614 nmini,

186 636 246 696 Hie
265 636 318 697 nbi
337 639 416 715 turn,
435 652 490 715 pro
510 635 558 714 di,
578 634 708 716 perfide,
728 637 833 714 qnieve
852 635 933 699 fnit?

147 737 240 817 Quid,
262 739 288 798 si
309 737 484 814 longinquos
504 737 649 799 retinerer
668 738 754 800 miles
775 739 814 800 ed
834 737 948 801 Indos?

187 841 249 903 Ant
269 860 337 902 moe
357 841 383 901 ei
403 845 496 903 steret
515 842 600 902 navio
621 841 652 902 in
672 840 815 904 Oceano?
1083 844 1124 904 30

148 944 207 1008 Sed
227 944 313 1006 vobis
332 944 421 1004 faoile
443 947 488 1004 eet
508 945 601 1005 verbo
621 948 652 1005 et
672 962 845 1023 componere
865 945 993 1009 fraudes.

187 1030 253 1112 Hor
272 1067 364 1110 unum
384 1048 489 1110 didicit
508 1046 620 1109 femine
639 1065 756 1126 semper
775 1066 858 1126 opus.

146 1154 215 1216 Non
236 1153 280 1216 eie
299 1155 412 1215 inoerto
432 1155 583 1215 mutentur
601 1152 721 1213 flamine
741 1150 860 1232 Syrtes,

188 1257 253 1318 Neo
273 1255 346 1317 folin
365 1255 488 1316 hiberno
508 1259 570 1316 tem
589 1254 763 1316 tremefeote
783 1257 878 1337 Noto,

149 1358 245 1433 Quem
266 1360 325 1422 eito
345 1359 474 1420 feminea
493 1377 552 1420 non
572 1363 687 1420 oonetet
706 1358 809 1420 foedus
829 1360 861 1420 in
881 1359 945 1440 ire,
1085 1358 1124 1419 35

189 1462 260 1525 Sive
282 1481 319 1524 ee
340 1480 430 1524 oense
450 1464 567 1542 gravio,
588 1463 652 1524 ei've
674 1481 711 1525 ee
731 1481 822 1525 oenoe
841 1463 926 1525 lovis.

147 1565 250 1645 Nune,
272 1566 412 1644 qnoniam
432 1565 490 1626 ieta
510 1555 566 1627 tibi
585 1567 698 1643 pleouit
718 1567 881 1645 sententia,
902 1565 1024 1628 oedem:

81 1663 85 1670 ’
188 1667 281 1748 Telo,
302 1687 420 1749 preoor,
440 1669 541 1748 pueri,
562 1669 686 1746 promite
707 1673 793 1731 eonta
814 1670 925 1750 megin,

147 1772 249 1849 Figite
269 1777 433 1853 certantes,
454 1777 544 1850 atque
563 1772 640 1834 hene
660 1773 735 1834 mihi
755 1773 861 1835 solvite
882 1771 990 1834 vitam!

189 1873 318 1952 Sanguis
337 1874 394 1936 erit
414 1875 499 1936 vobis
519 1874 649 1936 maximo
668 1876 770 1954 palme
788 1891 880 1937 mene.
1084 1875 1125 1934 40

61 2082 85 2132 8.
120 2082 194 2132 Codd.
210 2085 286 2149 faeta
308 2084 421 2134 remonuit
444 2101 512 2134 anuo.
531 2083 695 2134 Leohmennur
713 2083 953 2150 remameexplioet
969 2079 1125 2149 perverbum

33 2164 140 2214 Iteiienm
149 2165 281 2222 rimanere;
295 2165 376 2216 dubito
385 2182 441 2216 num
450 2166 502 2232 quio
511 2166 608 2217 dixerit:
621 2167 892 2232 rimaeesattaveoehia.
911 2162 1126 2228 Weerdenburgino

32 2245 151 2311 proposuit
173 2251 242 2296 casta
263 2263 307 2312 pro
324 2249 411 2313 factm
438 2249 563 2299 Heinsius:
580 2251 645 2316 fida.
679 2251 713 2299 At
729 2265 798 2315 quam
815 2249 893 2298 seiioeo
910 2262 1047 2314 progressus
1065 2246 1127 2312 apud

33 2328 129 2392 puellam
145 2333 215 2395 putee
231 2327 368 2379 habiturum
384 2331 543 2390 hortatorem,
566 2331 606 2396 qui
628 2347 672 2397 pro
690 2331 733 2380 tide
750 2335 842 2381 servate
858 2331 987 2380 eniiitetem
1004 2332 1027 2379 et
1044 2328 1125 2378 solitu-

33 2411 105 2462 dinem
120 2429 178 2479 pree
194 2412 268 2463 oeulis
284 2417 375 2479 ponet?
398 2415 452 2463 Non
470 2431 508 2464 me
525 2414 638 2480 praeterit
653 2415 785 2464 Heroidom
801 2413 866 2462 looue
884 2413 920 2476 (I,
937 2428 962 2462 v.
980 2410 1042 2471 115,
1060 2411 1126 2472 116).

263 2504 332 2553 Certe
347 2518 402 2567 epo,
420 2520 481 2568 puae
489 2504 602 2569 swam,
619 2507 643 2554 te
659 2503 809 2562 discedente,
824 2505 919 2568 puella,

296 2586 412 2636 Protinus
428 2590 456 2635 ut
472 2587 569 2644 redeas,
580 2587 655 2651 sarta
670 2585 767 2636 videbor
783 2601 851 2636 auus.

36 2681 76 2732 Sed
89 2682 189 2733 Ovidius
204 2682 334 2748 Penelopen
350 2682 425 2749 ipsum
438 2683 572 2748 loquentem
584 2683 686 2742 inducit,
701 2699 760 2749 quoe
773 2683 838 2747 quasi
847 2686 951 2733 metuens
960 2682 1004 2732 nit:
1017 2681 1113 2731 videbor
1117 2701 1126 2739 ,·

36 2764 69 2814 hie
90 2770 173 2816 eontra
195 2765 311 2815 rennuerit
332 2782 393 2814 anuo
414 2764 519 2815 obuoluto
535 2764 623 2814 dietum
640 2768 688 2817 eet:
712 2769 781 2832 etque
796 2765 860 2814 houd
877 2765 924 2815 seio
942 2782 972 2814 nn
988 2768 1051 2814 reete
1067 2779 1128 2814 uxor

37 2846 107 2898 Ulixis
130 2847 176 2897 diei
192 2847 268 2913 posuit
284 2847 382 2897 anicula.
406 2847 520 2913 Reposui:
537 2849 612 2897 Illum
629 2849 773 2912 expectando
791 2848 1079 2898 emaremanritamam.
1097 2847 1128 2895 In

37 2927 119 2981 incerto
132 2933 211 2980 tamen
225 2929 284 2979 mihi
298 2933 346 2989 eet,
361 2933 471 2979 utrumne
482 2932 560 2979 totum
577 2929 695 2980 distichon
712 2929 743 2978 eit
752 2930 947 2995 Propertienum,
964 2946 993 2979 en
1002 2930 1127 2979 eontiotnm

38 3025 61 3059 er
81 3013 197 3062 Ovidinno
218 3011 319 3062 dietioho
341 3015 365 3062 et
387 3027 415 3062 ex
437 3013 556 3077 Propertii
577 3028 659 3062 veron:
681 3017 706 3062 et
726 3012 831 3077 quamvis
853 3027 974 3076 nuquam
993 3015 1049 3078 port
1069 3010 1128 3060 haec

38 3094 125 3157 visura,
143 3095 241 3145 dolebat
257 3098 302 3144 eto.
327 3095 365 3144 nl.
384 3095 456 3153 XXI,
474 3094 528 3144 Lib.
545 3097 596 3144 Seo.
613 3111 637 3145 v.
656 3096 695 3144 13.
731 3095 859 3144 Centonem
875 3093 996 3144 hebemus.

67 3207 104 3258 12.
140 3208 312 3258 condemner
324 3208 421 3276 fluvii&
439 3201 691 3275 Guyetuo'emendnvit
702 3206 776 3274 flavio
793 3206 937 3258 Passennus
954 3208 1034 3256 tuetur
1044 3204 1129 3273 fluviis

40 3301 75 3351 pro
91 3289 163 3356 eqnie'
176 3289 316 3340 fluvialibue.

68 3399 104 3450 15.
141 3401 214 3450 Gron.
232 3403 259 3478 etv
273 3367 348 3466 Nenp.
368 3402 444 3456 Quum
460 3400 512 3451 titi.
543 3401 646 3450 Eandem
664 3400 765 3450 subitam
783 3400 940 3466 apostrophen
956 3395 1086 3449 invenimus
1103 3397 1129 3448 in

41 3476 97 3546 dleg.
120 3480 168 3530 VI.
186 3483 233 3534 *Ne
255 3499 303 3548 qua
319 3482 365 3532 tibi
380 3483 489 3534 insolitos
506 3487 550 3534 ete.
586 3483 616 3532 In
633 3483 755 3548 Excerptie
772 3485 852 3532 temen
869 3481 956 3532 Colotii
972 3484 996 3530 et
1011 3480 1037 3530 in
1052 3483 1129 3530 vetere

42 3563 109 3615 codiee
127 3563 256 3615 Pneeerotii
271 3564 358 3630 legitur
374 3566 470 3632 quaudo
486 3566 528 3617 ibi.
546 3566 670 3616 Distiohon
687 3566 746 3616 mihi
762 3564 830 3615 valde
846 3567 981 3630 suspectum
998 3567 1041 3614 eet.

69 3675 105 3727 26.
141 3678 216 3726 Gron.
233 3682 392 3744 primum,-
415 3680 490 3746 Neep.
509 3684 663 3746 poterentur,
685 3678 757 3729 tertio
780 3676 953 3743 conjugatione:
972 3691 1025 3727 oum
1040 3677 1065 3726 te
1078 3673 1129 3742 jum

43 3769 96 3810 more
111 3758 250 3810 vindionret.
