2624 4398
707 369 747 428 28

299 543 363 603 Nec
383 542 456 602 mihi
476 545 629 604 consuetos
649 543 787 620 amplexu
806 544 900 604 nutrit
919 562 1033 607 amores
1239 548 1253 606 5

338 645 482 726 Cynthia,
503 665 557 707 nec
578 651 678 708 nostra
697 648 792 709 dulcis
812 649 843 708 in
864 667 934 710 aure
955 655 1047 712 sonat.

299 750 378 812 Olim
398 755 499 829 gratus
520 766 616 813 eram:
637 772 696 813 non
716 753 768 813 illo
788 757 919 831 tempore
939 755 1076 832 cuiquam

338 854 480 936 Contigit,
502 862 535 918 ut
554 857 644 917 simili
664 862 764 934 posset
783 877 883 922 amere
903 857 970 920 fide.

298 960 365 1021 Non
385 978 451 1021 sum
471 978 539 1040 ego,
560 961 612 1038 qui
632 961 759 1042 fueram3
781 966 875 1023 mutat
894 963 945 1024 via
965 964 1053 1041 longa
1072 967 1200 1046 puellas3
1296 947 1297 958 ἶ

338 1063 471 1139 Quantus
492 1065 523 1124 in
544 1066 651 1142 exiguo
671 1070 801 1144 tempore
821 1066 898 1144 fugit
917 1066 1023 1129 Amor!
1224 1071 1253 1128 10

296 1167 430 1228 Invidiae
451 1167 575 1229 fuimus:
596 1187 673 1229 nunc
692 1187 739 1229 me
760 1169 841 1230 Deus
861 1169 972 1250 obruit,
993 1173 1081 1250 atque

335 1272 428 1332 Lecta
448 1271 632 1333 Prometheis
652 1272 761 1333 dividit
782 1272 875 1333 herba
890 1273 982 1351 jugis.

295 1375 381 1436 Nunc
401 1376 528 1453 primum
548 1375 651 1452 longas
671 1376 750 1436 solus
770 1393 945 1452 cognoscere
965 1379 1064 1438 noctes

336 1477 446 1560 (logor,
468 1482 498 1540 et
518 1479 581 1557 ipse
602 1479 676 1540 meis
696 1480 816 1540 auribus
836 1497 902 1541 esse
922 1481 1031 1557 gravis.

297 1581 385 1642 Felix
405 1582 456 1658 qui
477 1583 572 1660 potuit
591 1583 740 1660 praesenti
760 1581 831 1642 flere
851 1583 985 1660 puellae!

335 1685 480 1746 Nonnihil
499 1685 648 1762 adspersis
668 1684 778 1762 gaudet
798 1684 890 1747 Amor
909 1685 1047 1747 lacrimis.

297 1787 359 1848 Aut
377 1788 404 1847 si
424 1787 579 1864 despectus
599 1788 695 1865 potuit
714 1791 827 1848 mutare
847 1789 975 1867 calores,

337 1888 413 1950 Sunt
432 1908 547 1968 quoque
567 1892 708 1952 translato
729 1890 837 1968 gaudia
857 1891 986 1951 servitio.

297 1995 339 2054 Mi
354 2012 450 2071 neque
471 2013 570 2056 amare
590 1996 680 2056 aliam
699 2013 794 2072 neque
816 1995 854 2054 ab
874 1994 930 2054 hac
950 1994 1102 2056 discedere
1122 1995 1168 2058 fas
1188 2000 1240 2058 cst:

336 2095 465 2175 Cynthia
484 2099 579 2176 prima
599 2099 670 2178 fuit,
691 2096 821 2176 Cynthia
841 2096 909 2158 finis
930 2099 995 2160 erit.
1225 2099 1256 2158 20

225 2380 249 2428 2.
284 2380 357 2430 Codri.
383 2381 478 2431 αααιααὶα
503 2381 579 2430 Βααια
602 2395 699 2429 osorum.
739 2380 885 2430 Passeratius
908 2380 1093 2444 interpretatur:
1118 2381 1256 2446 Romaque

175 2462 261 2512 amoris
279 2463 315 2512 tui
331 2466 368 2513 est
384 2463 483 2513 conscie.
501 2462 591 2512 Verum
608 2461 735 2527 ambigitur
752 2477 781 2510 an
797 2463 872 2510 Ιίααια
886 2461 981 2511 conada
994 2461 1019 2510 id
1035 2461 1167 2526 significare
1180 2463 1256 2530 possit3

174 2544 226 2593 ideo
239 2543 362 2594 lectionem
376 2560 458 2594 sanare
472 2544 550 2594 conati
564 2548 620 2594 sunt
633 2545 679 2593 viri
693 2545 786 2595 eruditi.
805 2544 918 2593 Graevius
933 2547 958 2593 et
972 2543 1098 2594 Heinsius:
1114 2545 1257 2612 quodscciol

174 2625 241 2675 nolis
267 2627 371 2689 Cynthia
395 2631 478 2676 nostra
502 2631 597 2684 aotam·
622 2626 717 2692 Lipsius
742 2630 767 2676 et
791 2626 924 2690 Livinejus:
951 2626 1046 2676 αααααία
1070 2627 1148 2678 Itonaa
1172 2634 1256 2684 aotam

174 2707 293 2758 Henricus
302 2709 403 2760 Keilius:
414 2708 564 2774 quodfaciat
577 2708 600 2754 V
597 2708 673 2758 aseris
681 2708 776 2758 cometa
786 2709 860 2758 Ιίαααα
869 2725 958 2758 moram
963 2729 973 2766 ;
985 2709 1168 2775 Hertzbergiusr
1178 2709 1259 2761 omacio

173 2807 253 2841 amoro
274 2807 371 2841 accrate.
407 2792 462 2841 Nou
484 2791 552 2857 plane
574 2791 727 2841 sahsiaciunt.
761 2792 792 2840 In
815 2792 893 2842 codice
916 2808 985 2857 quem
1001 2791 1093 2842 uideret
1110 2794 1256 2850 Passeratius,

172 2872 293 2938 legebatur
320 2873 423 2936 Cynthia
448 2874 524 2923 Romu
547 2889 653 2932 morumf
681 2875 741 2924 uude
767 2875 888 2924 liuterius
915 2874 1028 2938 conjecit:
1061 2877 1166 2939 Opalia
1182 2891 1258 2926 autore.

172 2954 364 3006 Emendationem
380 2956 474 3007 retinui.
492 2956 588 3005 hunicus
605 2959 672 3006 notat
688 2957 808 3022 Propertii
824 2957 949 3016 desidiam,
966 2961 991 3007 et
1008 2958 1136 3022 Cynthium
1150 2960 1256 3017 nonnae

173 3042 242 3104 poeta
257 3040 395 3106 respondet:
412 3041 464 3088 Illa
481 3042 531 3090 tam
547 3038 616 3104 longo
633 3056 647 3088 a
663 3055 701 3089 me
718 3039 793 3089 diuiso
809 3043 858 3098 cst,
877 3043 991 3104 quantum
1007 3043 1052 3090 etc.

221 3151 245 3202 8.
281 3151 391 3218 Intelligo
413 3169 460 3202 non
476 3153 504 3202 da
519 3153 565 3202 fide
582 3153 700 3219 Propertii
716 3153 741 3202 in
759 3153 901 3218 Cynthium,
919 3153 958 3202 sad
975 3154 1063 3204 deiide
1081 3155 1195 3221 Cynthiae
1211 3169 1256 3219 erga

171 3237 277 3300 poetam:
295 3234 382 3284 nemini
398 3234 440 3285 illo
456 3239 561 3302 temporo
577 3235 675 3301 contigit
691 3251 769 3286 amare
785 3236 885 3286 similem
902 3236 971 3286 iidem
988 3239 1091 3302 experto.

205 3347 245 3396 11.
279 3346 310 3397 In
325 3347 399 3398 Codd.
413 3349 458 3398 hoc
471 3347 588 3398 distichon
602 3353 668 3399 sexto
682 3350 839 3416 anteponitur.
851 3350 991 3416 Postposui,
1001 3351 1254 3415 senunuajubentce

171 3432 247 3496 Neep.
269 3445 317 3480 ααα
339 3445 375 3480 me
397 3432 477 3488 Deus,·
500 3431 573 3480 Gron.
594 3430 613 3479 ῗι
635 3447 671 3482 usa
693 3417 772 3491 Deua',
795 3437 862 3496 (quac
885 3432 1003 3498 scriptum
1023 3433 1093 3483 modo
1114 3449 1176 3494 con,
1197 3433 1253 3484 modo

169 3526 232 3562 nuuc
257 3511 394 3578 siguificat);
421 3513 459 3562 alii
487 3513 559 3562 Codd.
586 3515 610 3562 et
635 3513 699 3578 vulg.
724 3514 775 3564 edd.
800 3531 856 3564 num
879 3532 921 3564 mc.
956 3516 1095 3566 Franciscus
1119 3517 1213 3568 Modius
1231 3531 1252 3564 er

169 3593 319 3659 Groningano
336 3594 461 3661 scripserat
477 3611 539 3645 nunc
556 3611 606 3653 nzc;
624 3594 656 3644 sic
673 3595 744 3645 ctiam
762 3595 890 3646 Vossianus
908 3598 953 3646 IV.
972 3599 1068 3648 Retinui
1086 3617 1161 3660 num,
1179 3601 1253 3665 rejecta

169 3675 407 3742 interrogatione-
424 3677 510 3727 Deinde
524 3677 597 3729 Gron.
612 3667 636 3728 ct
650 3680 727 3744 Neap.
743 3695 775 3729 au
789 3695 864 3745 quoe,¹
880 3679 918 3729 alii
935 3681 1007 3732 Oodd.
1022 3686 1065 3732 aut
1079 3699 1146 3748 quac.
1164 3682 1252 3733 Pucoius

170 3763 194 3809 et
210 3759 285 3824 Rhcg.
302 3761 382 3824 alque.
