2640 4400
720 365 742 422 4

455 536 457 540 ’
539 555 922 629 renerum.

567 693 716 741 AMORIS
732 692 898 741 uuum.

412 787 495 853 (Oodd.
512 789 558 848 20,
576 790 658 839 Bnrm
677 789 722 849 19,
740 790 799 848 111;
816 789 913 840 Laehm.
930 789 975 849 20,
994 789 1050 851 IV.)

218 910 249 960 In
266 908 331 959 codd.
348 909 371 957 et
388 907 438 956 add.
455 909 513 956 vett.
530 907 645 973 superiori
661 906 803 966 annectitur,
820 906 924 972 Scaliger
940 906 1065 973 separavit.

218 993 314 1043 Codices
322 990 448 1041 seeundum
456 989 571 1038 distichon
581 989 668 1054 priori,
686 988 793 1055 quintum
802 991 885 1054 quarto
894 992 1054 1054 praeponunt,
1064 1003 1132 1053 quam
1141 986 1252 1037 ordinem

250 1073 354 1139 Scaliger
369 1073 458 1140 optime
479 1072 639 1122 eommutavit.
660 1101 694 1108 -
718 1073 774 1123 Nor
795 1071 855 1120 miti
872 1072 951 1135 prima
967 1069 1045 1128 reni&
1064 1069 1161 1134 primae
1186 1070 1252 1119 data

250 1161 355 1222 temporo
371 1155 460 1214 nocto,
484 1153 561 1218 inquit
586 1153 736 1219 Propertium
759 1154 815 1202 hino
840 1152 936 1218 elegiam
961 1152 989 1201 ad
1014 1151 1135 1211 Primum,
1153 1166 1203 1201 uon
1222 1151 1250 1201 ad

250 1238 355 1288 Tertium
371 1237 459 1286 librum
475 1236 591 1301 portinere
608 1251 644 1284 res
660 1234 711 1301 ipsa
727 1233 821 1284 iudicat.

303 1375 371 1434 Nox
390 1371 463 1432 mihi
483 1371 578 1449 prima
598 1371 696 1430 venit!
715 1370 829 1447 primae
850 1370 921 1430 data
939 1373 1072 1446 tempora
1091 1369 1189 1430 noetis

342 1474 474 1551 Longius
494 1475 526 1535 in
545 1475 655 1554 primo,
675 1473 776 1553 Luna,
797 1491 911 1534 morare
933 1474 1016 1534 torol

303 1581 352 1641 Tu
372 1596 503 1658 quoque,
524 1579 576 1655 qui
596 1577 724 1638 aestivos
744 1577 903 1655 spatiosius
924 1576 1022 1653 exigis
1042 1577 1146 1657 ignes,

343 1680 478 1759 Phoebe,
499 1683 664 1740 moraturae
685 1678 823 1739 contrahe
844 1680 917 1741 lueis
938 1679 1010 1738 iteri

303 1782 437 1844 Foedera
457 1785 525 1840 sunt
545 1782 680 1857 ponenda
699 1783 797 1862 prius,
819 1783 1021 1859 signandaque
1036 1781 1122 1862 jura,
1264 1779 1278 1832 ὀ

342 1887 382 1947 Et
403 1885 557 1946 scribenda
576 1885 649 1946 mihi
670 1888 718 1947 lex
742 1888 773 1946 in
794 1905 892 1948 amore
912 1905 996 1948 novo.

302 1990 386 2049 Haeo
405 1985 496 2047 Amor
517 1988 580 2064 ipse
601 2006 653 2049 suo
674 1990 855 2065 constringet
873 1991 997 2068 pignora
1017 1990 1116 2070 signo,

343 2090 443 2150 Testis
464 2090 596 2150 sidereae
616 2095 678 2152 tota
698 2111 804 2152 oorona
824 2092 907 2164 deae.

304 2193 399 2268 Quam
418 2192 528 2252 multae
549 2197 617 2252 aute
638 2193 712 2254 meis
733 2194 837 2254 cedent
858 2194 1039 2255 sermonibus
1060 2194 1167 2277 horae,

344 2296 450 2356 Dulcia
471 2315 558 2373 quam
578 2297 663 2357 nobis
684 2297 809 2358 concitet
829 2315 911 2357 arma
932 2297 1049 2358 Venus!
1244 2303 1280 2360 10

252 2481 255 2486 Ι
303 2399 454 2478 Namque,
475 2399 527 2459 ubi
547 2417 606 2459 non
626 2403 705 2460 oarto
725 2399 854 2459 vincitur
872 2398 989 2460 foedere
1008 2401 1116 2480 lentus,

343 2502 410 2563 Non
430 2502 520 2563 habet
539 2506 648 2565 ultores
668 2513 731 2565 nox'
746 2504 885 2564 violanda
905 2505 991 2584 deos,

303 2605 358 2684 Et,
379 2605 486 2682 quibus
506 2606 660 2685 imposuit,
682 2607 770 2667 solvit
790 2625 850 2667 nox
869 2607 967 2666 vinola
987 2606 1096 2669 libido:

344 2704 519 2767 Contineant
539 2706 623 2767 nobis
644 2707 742 2767 omina
762 2708 857 2785 prima
876 2707 973 2769 fidem.

304 2808 383 2885 Ergo
403 2808 456 2885 qui
476 2812 570 2869 taotas
590 2808 622 2868 in
642 2808 761 2870 foedera
781 2811 893 2888 ruperit
912 2829 995 2890 aras,
1243 2815 1278 2873 15
1309 2848 1310 2913 ,

344 2913 543 2990 Pollueritque
563 2931 638 2975 novo
659 2933 742 2975 saera
762 2916 868 2976 marita
888 2919 966 2994 toro,

305 3015 354 3076 Illi
375 3015 450 3096 sint,
471 3017 646 3094 quicumque
667 3019 762 3079 solent
782 3020 813 3079 in
833 3038 930 3082 amore
952 3021 1081 3101 dolores,

344 3117 385 3178 Et
405 3122 493 3194 eaput
513 3122 634 3194 argutae
654 3119 796 3196 praebeat
816 3120 973 3202 historiae,

305 3221 369 3282 Neo
388 3221 471 3282 flenti
491 3222 626 3282 dominae
646 3221 788 3298 patefiant
807 3229 892 3286 nooto
912 3224 1075 3287 fenestrae:

346 3323 467 3403 Semper
486 3330 573 3406 amet,
601 3325 697 3388 fruotu
721 3345 836 3405 semper
856 3330 964 3390 amoris
984 3347 1083 3407 egens.
1240 3333 1277 3392 20
1307 3371 1308 3380 κ

219 3479 242 3528 1.
277 3480 353 3546 Neap.
369 3479 427 3530 date
440 3483 557 3546 temperas
580 3481 653 3531 Gron.
670 3482 730 3531 data
746 3486 858 3547 tempora.

218 3568 243 3618 2.
277 3568 360 3619 Primo
376 3575 429 3620 toro
446 3599 479 3608 -
494 3571 519 3620 iu
536 3571 580 3620 hoe
597 3572 675 3638 primo
693 3571 779 3622 amieos
796 3570 932 3637 complexu,
949 3571 1045 3637 exponit
1061 3573 1215 3628 Passeratius.
1306 3617 1307 3647 ,

219 3659 243 3710 7.
277 3658 349 3709 Gron.
366 3660 497 3727 confringit
507 3661 627 3727 piperem
646 3664 722 3729 Nssp.
740 3661 896 3728 eondrtapin
922 3662 1023 3713 Procius
1037 3679 1104 3715 roro:
1121 3667 1273 3732 eomrinpet,

184 3740 202 3792 i.
220 3757 239 3793 a
256 3743 360 3793 firmabit
375 3745 400 3793 et
415 3743 480 3794 velut
496 3741 650 3807 subsignabit.
