2624 4398
573 343 614 402 43

165 517 230 578 Nec
249 515 324 578 mihi
344 519 404 578 tarn
424 515 506 578 duris
526 515 649 580 insultet
668 515 813 596 moribus,
833 520 866 578 et
883 519 914 578 te

206 619 351 680 vellicet!
372 613 431 678 heu
451 635 516 678 sero
535 617 620 678 flebis
641 623 740 678 amata
759 617 820 680 din.

165 723 252 783 Nunc
272 725 317 782 cst
337 721 382 780 ira
402 737 521 799 recens,
542 737 619 780 nunc
639 724 685 782 est
705 720 857 781 discedere
877 725 1009 801 tempus:

206 824 238 885 Si
259 824 342 884 dolor
361 821 503 901 abfuerit,
524 822 628 901 crede,
648 821 758 884 redibit
778 821 878 884 Amor.
1101 828 1141 887 10

165 930 233 990 Non
252 928 297 989 ita
315 926 494 1005 Carpathiae
512 927 630 988 vadant
647 925 845 1011 Aquilonibus
864 926 981 1008 undae,

205 1033 270 1092 Nec
290 1029 379 1092 dubio
399 1031 493 1092 nubes
512 1031 639 1090 vertitur
658 1033 724 1090 atra
738 1029 833 1108 Noto,

167 1133 262 1211 Quam
282 1133 370 1196 facile
389 1133 458 1196 irati
478 1133 569 1194 verbo
588 1136 738 1198 nubatur
757 1135 900 1199 amantes.
979 1177 981 1182 -

206 1238 284 1298 Dum
304 1239 390 1316 licet,
410 1237 520 1316 injusto
540 1236 679 1301 subtrahe
698 1239 776 1302 colla
789 1239 879 1316 jugo!

165 1341 229 1400 Nec
249 1344 283 1401 tu
302 1359 361 1402 non
380 1339 509 1419 aliquid,
530 1340 584 1401 scd
603 1341 699 1417 prima
718 1345 804 1402 nocto
822 1340 952 1404 dolebis:
1101 1335 1139 1403 15

206 1441 300 1504 Omne
319 1444 351 1504 in
370 1461 469 1504 amore
488 1444 614 1521 malum,
635 1443 661 1504 ni
682 1443 811 1523 patiare,
831 1445 897 1506 leve
917 1448 972 1508 est.

166 1545 207 1608 At
226 1549 273 1624 tn,
293 1564 347 1623 per
367 1547 503 1606 dominae
521 1547 647 1610 Junonis
666 1547 765 1608 dulcia
780 1548 866 1627 jnra‚

205 1650 299 1710 Parce
319 1650 379 1710 tuis
398 1649 520 1727 animis,
542 1650 620 1729 vita,
641 1667 745 1712 nocere
766 1651 829 1712 tibi.

165 1753 233 1814 Non
253 1754 347 1816 solum
367 1757 470 1814 taurus
489 1753 558 1816 ferit
578 1755 661 1816 uncis
682 1755 818 1818 domibus
838 1755 968 1835 hostem,

205 1855 316 1916 Verum
336 1856 426 1919 etiam
446 1857 569 1918 instanti
589 1859 671 1920 laesa
689 1862 836 1935 repugnat
855 1859 929 1921 ovis.
1099 1863 1140 1922 20

164 1958 228 2017 Nec
249 1956 303 2018 tibi
324 1958 440 2035 perjuro
460 1958 593 2020 scindam
613 1959 651 2020 de
671 1977 791 2036 corpore
811 1965 938 2040 vestem,

203 2060 268 2120 Nec
288 2079 355 2120 mea
374 2063 544 2140 praeclusas
564 2061 685 2140 fregerit
705 2065 751 2124 ira
770 2063 861 2142 iores,

164 2164 228 2225 Nec
248 2165 304 2228 tibi
324 2182 470 2228 connexos
491 2167 583 2228 irabrs
603 2183 724 2242 carpere
745 2167 860 2246 crines,

202 2268 267 2328 Nec
288 2268 370 2330 duris
389 2270 484 2332 ausim
504 2269 622 2332 laedere
643 2271 809 2347 pollicibus.
920 2299 922 2304 ·

163 2371 396 2434 Rusticue'ha'ec
416 2374 525 2450 adque
545 2378 606 2434 tam
626 2374 725 2450 turpia
744 2374 857 2450 praelia
876 2377 1018 2454 quaerat,
1098 2375 1138 2437 25

204 2475 295 2555 Cujus
315 2495 374 2538 non
393 2475 522 2538 hederae
541 2477 681 2538 circuiere
702 2481 798 2554 capnt.

164 2577 297 2640 Scribam
319 2580 424 2659 igitur,
445 2580 525 2656 quod
545 2600 604 2645 non
624 2599 754 2658 unquam
774 2587 828 2644 tua
846 2581 946 2644 deleat
965 2585 1065 2645 aetas:

203 2679 359 2742 Ornunm
379 2701 492 2744 noema
513 2701 654 2762 ronnas,
675 2683 831 2746 Cannam
851 2703 960 2746 vunan
980 2702 1088 2746 nnvrs.

163 2782 259 2846 Crede
279 2785 369 2865 mihi,
389 2788 525 2863 quamvis
545 2793 714 2850 contemnas
735 2807 883 2850 murmura
902 2789 1019 2870 famae,

203 2889 262 2948 Hic
282 2889 337 2950 tibi
357 2890 477 2968 pallori,
498 2889 643 2970 Cynthia,
664 2909 767 2954 versus
788 2893 854 2953 erit.
1098 2892 1139 2952 30

88 2993 115 3042 4.
153 2991 225 3042 eodd
240 2993 276 3042 Et
289 2993 357 3042 nodab
372 2993 467 3058 Aquilo.
487 2994 550 3058 Quid
565 3011 620 3044 nam
632 2995 660 3044 de
672 2996 717 3044 hoc
731 2999 801 3046 vento
815 2995 952 3061 interpretes
966 2995 1003 3045 vel
1011 2994 1139 3045 doctissimi

29 3091 85 3126 non
107 3074 221 3124 hariolati
244 3076 318 3124 eunti
339 3076 414 3140 Leges
432 3092 512 3124 censeo
530 3077 660 3126 Burmanni
677 3078 861 3138 adnotationem,
879 3079 918 3143 qui
935 3077 1058 3145 proposuit
1074 3079 1138 3138 clio,

29 3174 62 3208 cx
80 3172 129 3222 quo
143 3157 225 3221 aliquo
239 3157 328 3206 factum
341 3157 399 3216 fuit,
415 3157 496 3206 deinde
509 3159 605 3224 Aquilo.
629 3159 717 3208 Ventus
730 3160 768 3208 hic
783 3161 1140 3228 figuratcsumiiurprofortuna

29 3239 155 3297 secunda,
166 3240 244 3305 flatus
261 3240 288 3288 in
304 3254 384 3289 amora
400 3239 514 3298 secundo,
532 3240 601 3290 sicuti
619 3239 675 3290 alibi
691 3241 751 3291 dixit
769 3245 864 3292 Noster.

90 3321 115 3371 8.
152 3322 224 3371 Gran.
248 3325 271 3372 et
296 3323 370 3389 Neap.
400 3323 512 3380 Veniam
535 3323 610 3388 Rheg.
628 3327 652 3373 et
668 3324 824 3375 Mcntcliauus
846 3325 973 3384 Veadicca
991 3324 1099 3391 Petreius
1115 3329 1139 3378 et

30 3405 184 3457 Heinsiauus
206 3406 324 3460 Vindicet.

71 3488 115 3538 18.
149 3486 257 3547 Animis,
274 3488 290 3538 i.
309 3505 328 3538 c.
345 3490 421 3549 fastu,
439 3490 579 3556 arrogantia.

70 3568 116 3618 28.
152 3571 257 3633 Cynthia
273 3572 345 3622 verba
361 3571 431 3630 levis,
449 3573 537 3621 Graeco
554 3586 628 3621 more:
646 3571 671 3620 in
688 3569 766 3622 verbis
782 3571 838 3622 leuis
853 3574 876 3621 ct
893 3571 1024 3633 variabilis,
1041 3572 1076 3622 uti
1087 3571 1138 3637 jam

30 3652 205 3718 explanavcrat
222 3651 259 3704 Io.
278 3653 300 3705 1.
318 3655 445 3705 Pantanus.
463 3654 528 3705 Male
543 3654 568 3704 in
585 3653 722 3721 quibusdam
740 3654 812 3706 codd.
828 3657 851 3704 et
864 3654 889 3704 in
900 3656 963 3722 vulg.
973 3655 1024 3706 cdd.
1034 3655 1139 3720 Cynthia

27 3737 121 3803 sornca
138 3735 202 3788 levia
