2640 4400
153 376 191 420 VI

154 535 337 620 eomplexus
359 538 442 617 erat,
474 534 507 600 in
538 540 714 620 temporum
743 531 885 600 ordinem
912 532 1103 619 redigerem,
1126 536 1247 620 quibus

155 646 197 711 ab
219 649 344 712 auetore
367 650 495 711 exarata
512 651 607 729 atque
636 645 766 728 vulgata
795 643 899 728 fuere;
931 644 1046 712 deinde
1069 647 1246 732 elegiarum

155 756 333 841 fragmenta
362 756 518 843 discerpta
547 762 580 823 et
602 756 735 842 sparsim
758 754 890 840 disjecta
912 755 1149 844 conjungerem,
1172 781 1247 846 per·

158 869 259 936 mixta
296 888 370 935 vero
408 887 480 936 oum
517 867 588 936 aliis
622 868 812 936 carminibus
850 869 990 953 mireque
1030 873 1248 957 conglutinata

156 1000 347 1067 separarom3
368 979 445 1047 item
461 981 628 1048 verborum
649 985 831 1046 oontertum
847 980 934 1046 haud
948 1000 1019 1047 raro
1029 981 1063 1046 in
1075 980 1247 1048 (lodicibus

155 1090 377 1176 impressisque
399 1091 488 1158 libris
511 1090 676 1158 manifesto
697 1096 877 1176 corruptum
897 1089 1112 1176 emendarem3
1132 1113 1247 1160 versus

154 1203 280 1269 abunde
303 1203 501 1290 interpositos
525 1222 761 1290 expungerem3
794 1202 930 1285 denique
956 1204 1149 1287 argumentis
1171 1225 1246 1270 oon·

155 1315 310 1380 firmarem
333 1314 440 1399 elegos
462 1313 573 1392 Quarti
596 1313 701 1395 Libri,
732 1312 759 1379 si
782 1331 879 1379 unum
903 1313 1057 1399 excipias,
1081 1315 1246 1401 Propertio

157 1444 220 1490 non
242 1445 312 1492 esse
334 1426 528 1494 tribuendos.

202 1538 305 1605 Homo
335 1541 369 1605 in
399 1542 458 1608 bae
487 1543 646 1608 literarum
676 1541 835 1626 provintia
863 1560 980 1624 novus,
1002 1541 1150 1624 nulloque
1172 1561 1246 1607 oum

158 1646 257 1716 doetis
276 1649 352 1717 viris
371 1652 497 1718 nomine
516 1651 706 1735 oensendus,
727 1651 823 1717 animi
842 1651 957 1718 dubius
977 1650 1031 1717 diu
1049 1652 1247 1735 multumque

158 1758 221 1842 fui,
253 1766 357 1827 utrum
385 1762 488 1847 opella
517 1783 588 1829 mea
616 1762 658 1828 ad
688 1764 782 1830 finem
806 1783 897 1830 suum
919 1761 1070 1848 perducta
1091 1763 1154 1830 luoi
1175 1782 1246 1848 per-

159 1871 312 1939 mittenda
329 1881 414 1941 esset
428 1895 544 1960 neone;
566 1882 614 1944 sat
634 1876 717 1942 enim
733 1875 934 1959 temeritatis,
946 1895 1056 1960 parum
1067 1873 1244 1957 doetrinae,

158 2004 198 2051 ne
221 1985 343 2053 eonsilii
365 1986 483 2072 dicam,
515 1988 556 2054 ab
586 1989 779 2056 aeutioribus
806 1988 924 2074 optimo
941 1987 1018 2072 jure
1038 1991 1185 2070 argutum
1207 1983 1247 2048 iri

158 2097 341 2164 sentiebam.
365 2101 527 2166 Postremo
547 2100 625 2176 mibi
643 2101 785 2188 persuasi
805 2097 971 2166 innoxium
991 2097 1139 2165 volumen
1161 2097 1248 2181 typis

158 2227 326 2282 exeussum
366 2211 446 2276 nulli
487 2212 675 2278 detrimento
708 2211 774 2278 lore
786 2261 795 2294 ,
830 2211 946 2278 ideireo
980 2211 1050 2276 leve
1083 2229 1121 2274 ae
1153 2209 1250 2275 venia

158 2318 290 2405 dignum
312 2321 377 2389 iore
397 2329 568 2408 peceatum.
600 2323 652 2389 Ad
674 2323 734 2389 boo
756 2343 878 2390 meeum
897 2323 965 2408 ipse
984 2323 1168 2407 reputabam
1179 2327 1246 2387 tam

159 2451 288 2516 parvam
310 2452 418 2500 eorum
440 2441 550 2501 extare
571 2455 699 2502 manum
721 2437 754 2501 in
778 2436 891 2518 Italia,
923 2436 978 2518 qui
1005 2434 1124 2519 ingenii
1145 2435 1247 2500 aoiem
1318 2523 1319 2534 ἵ

159 2543 192 2608 iu
215 2543 302 2612 hisee
317 2546 586 2614 'mansuetioribus
608 2547 719 2614 eastris
742 2552 929 2629 exarmant,
962 2552 1017 2629 ut,
1049 2545 1076 2612 si
1106 2545 1177 2630 quis
1198 2546 1246 2613 in-

160 2655 354 2740 frequentem
377 2663 409 2724 et
431 2677 533 2744 paene
555 2659 725 2724 solitariam
748 2659 832 2724 viam
854 2657 963 2741 faeiat,
995 2657 1249 2725 benevolentiam
1318 2641 1319 2664 ³

161 2767 265 2853 potius
294 2788 388 2852 quam
411 2770 612 2854 supercilium
634 2769 720 2856 apud
741 2789 859 2853 aequos
877 2769 1003 2853 judiees
1027 2769 1067 2835 sit
1089 2773 1248 2836 nacturus.

206 2879 503 2967 Quomodooumque
530 2903 562 2949 se
585 2902 635 2950 res
662 2883 791 2967 habeat,
816 2902 866 2950 mo
889 2903 1048 2966 nunquam
1070 2887 1251 2968 pertaesum
1312 2955 1314 2964 ¹

161 2993 220 3060 erit
249 2995 397 3079 temporis
426 2995 459 3060 iu
496 3004 642 3081 suscepto
665 2996 772 3060 labore
794 2994 869 3060 triti.
916 2996 984 3060 Usu
1008 2993 1090 3059 enim
1113 2992 1250 3077 oomperi

160 3111 278 3188 quanta
302 3125 373 3172 enm
399 3106 530 3172 veritate
568 3106 666 3171 Tullii
694 3126 729 3172 os
756 3104 924 3172 rotundum
952 3110 984 3171 et
1011 3102 1250 3187 magniloquens
1317 3197 1318 3200 Ἴ

160 3217 360 3285 humaniores
389 3218 497 3284 literas
524 3217 699 3285 laudaverit
726 3217 825 3284 voluti
848 3216 943 3283 rebus
965 3216 999 3280 in
1027 3216 1159 3280 aduersis
1180 3237 1249 3300 per-

160 3330 277 3418 fugium
300 3329 515 3394 maniatium:
544 3347 655 3415 puram
678 3347 720 3395 ex
743 3329 806 3395 illis
829 3329 1022 3413 voluptutem
1046 3325 1187 3410 pereepi,
1212 3347 1250 3391 ao

161 3437 397 3509 saluberrimam
420 3441 534 3507 mentis
557 3461 577 3506 a
599 3439 706 3506 dolore
728 3437 974 3505 aberrationem:
999 3436 1113 3501 detinui
1135 3447 1250 3522 tempus

162 3573 306 3638 currusque
327 3551 434 3638 [aselli.

208 3664 330 3732 Dabam
353 3665 462 3748 Hagae
485 3663 642 3730 Comitum
666 3662 738 3728 Kal.
763 3662 856 3727 Febr.
882 3657 1148 3726 MDOOCLXIX.

587 3794 813 3810 m
