2642 4396
685 321 744 381 142

169 497 284 557 similem,
300 512 371 562 aeque
387 511 505 560 magnum.
536 494 576 545 Ita
592 494 660 559 Virg.
676 495 737 546 Aeas.
754 494 796 553 ΙΙ,
813 511 838 545 v.
855 494 917 544 725:
934 495 1089 562 sequiturque
1104 503 1204 562 patrem
1220 511 1261 546 aaa

168 582 279 648 possitus
296 580 385 645 asquia.

204 680 245 730 11.
279 679 352 727 Grau.
367 676 414 726 eibi
424 675 509 740 poni&
527 677 604 741 Neap.
619 674 666 724 eibi
678 674 765 739 poscit.

205 767 245 816 12.
278 765 385 816 Primum
400 764 478 814 locum
493 767 569 822 tenet,
585 763 728 830 interpretor
745 778 798 812 cum
814 761 920 812 Jacobio.

184 887 186 890 -
205 856 245 905 13.
277 856 422 922 Argumenta
434 869 532 918 magna,
544 852 634 916 majora
647 851 672 916 (i.
685 868 706 901 e.
720 850 850 901 caelaturae
861 851 950 900 rabidas
966 855 989 902 et
1002 852 1114 902 historias
1126 869 1261 920 repraesen-

170 942 255 1001 tantes)
278 937 356 988 addita
375 940 430 987 sunt
451 937 539 985 formae
559 935 641 998 (vasis,
664 935 767 1000 scyphis)
788 935 904 984 Mentoris
910 955 918 992 ;
942 938 1024 984 contra
1042 935 1097 1000 Mys
1116 937 1195 986 caelat
1212 951 1262 985 vasa

170 1021 247 1087 exigui
263 1023 287 1070 et
303 1020 356 1071 llexi
372 1019 465 1070 acanthi
480 1018 543 1068 loliis
558 1021 652 1068 mutum
668 1017 817 1069 circumdata.
840 1017 921 1081 Meuia
937 1032 981 1083 pro
997 1016 1106 1081 majora,
1125 1017 1261 1068 adverbium

171 1119 214 1170 pro
231 1102 358 1166 adjectivo,
375 1117 440 1151 more
455 1115 604 1166 maerorum,
620 1101 718 1150 eductu
736 1100 900 1150 Marklandus.

206 1192 246 1242 14.
280 1192 353 1242 codd.
370 1192 470 1242 addunt:

422 1272 543 1323 Phidiacus
559 1273 626 1338 signo
643 1290 667 1324 sa
682 1273 793 1341 Juppiter
809 1277 878 1323 ornat
894 1271 996 1323 eburno:

453 1355 587 1406 Praxitelen
602 1355 698 1422 propria
713 1355 817 1406 vindieat
833 1359 883 1405 arta
898 1355 968 1422 lapis.

205 1439 338 1489 Distichnm
361 1437 433 1488 uuallis
456 1437 530 1487 musis
551 1439 677 1487 confictum
699 1442 723 1488 et
743 1438 850 1504 spurium
864 1437 915 1501 jam
931 1437 1021 1487 taxavit
1040 1438 1217 1488 Lachmauuus.
1241 1439 1264 1486 Si

171 1521 295 1587 intelligis:
318 1520 444 1570 Phidiacus
464 1519 576 1585 Juppiter
598 1522 666 1569 ornat
682 1535 706 1569 se
722 1523 814 1570 statuae
830 1519 954 1570 Phidiacae
969 1519 1057 1578 instar,
1073 1519 1181 1586 ineptam
1198 1519 1264 1569 halas

171 1603 337 1669 tautologiam
360 1603 381 1652 si
402 1609 469 1654 vero:
492 1601 604 1668 Juppiter
625 1603 675 1668 ipae
698 1604 761 1650 atuat
777 1602 877 1650 formam
892 1601 988 1651 iuduere
1004 1603 1098 1652 statuae
1114 1601 1263 1668 olympinae,

172 1702 219 1752 qua
239 1687 289 1734 arte
308 1685 369 1734 hanc
391 1685 530 1734 sententiam
553 1683 628 1732 elicies
652 1700 664 1732 e
686 1683 775 1747 majore
797 1687 884 1734 versu?
909 1682 947 1733 Ad
960 1682 1074 1732 minorem
1093 1699 1190 1732 versum
1208 1683 1264 1748 quod

172 1770 275 1833 spectat,
300 1766 453 1832 interpolator
477 1782 531 1815 enm
554 1765 641 1815 inculte
617 1765 820 1832 tdepromsite
838 1766 993 1831 Propertiano
1011 1766 1119 1831 proxime
1137 1766 1263 1880 superiore:

172 1849 325 1898 Parrhasius
335 1865 415 1914 parea
430 1849 537 1899 eiudmut
553 1853 606 1898 arte
622 1851 707 1899 heum.

206 1947 247 1994 20.
282 1946 355 1996 Codd.
381 1951 405 1996 te
428 1962 547 2012 superare
580 1945 741 1994 Broukhnsius
760 1944 959 2010 interprettabaur
981 1951 1004 1995 te
1025 1945 1134 2004 πωπω
1160 1946 1222 2011 qnod
1243 1949 1264 1992 et

174 2029 332 2078 Maecenatem
344 2030 368 2077 et
382 2043 424 2078 nos
437 2027 568 2078 offenderet.
586 2029 745 2078 Burmannus:
761 2028 910 2086 eonvmeere,
926 2043 1064 2092 coarguere3
1080 2029 1119 2078 sed
1132 2031 1264 2094 corruptum

173 2109 334 2176 suspicabatur
349 2110 454 2160 verbum.
482 2109 584 2175 Reposui
602 2127 638 2160 nae
654 2111 785 2160 moderare.
816 2109 905 2159 Eodem
921 2125 990 2159 seusu
1006 2109 1098 2160 locutus
1116 2113 1153 2159 est
1171 2109 1264 2158 Plantm

174 2191 224 2242 Mil
238 2193 268 2251 2,
285 2192 312 2242 2:
330 2209 372 2258 eqo
389 2193 441 2242 aori
457 2193 581 2241 mortecto
598 2197 669 2250 ἠως,-
687 2209 710 2240 v.
729 2191 863 2241 Foreellinii
879 2192 990 2241 Lexicon.

207 2281 248 2331 23.
283 2281 355 2330 Codd.
376 2298 422 2346 per
439 2282 524 2330 laertes.
553 2279 647 2329 Vitiosa.
665 2280 813 2329 Burmannus
836 2281 936 2329 correxit
948 2297 994 2344 per
1011 2280 1110 2336 laetatae,⁸
1128 2279 1168 2328 sed
1184 2277 1263 2327 Parthi

175 2360 274 2412 mcubus
298 2365 322 2411 et
344 2363 436 2412 fallacia
456 2363 567 2426 fugarum
587 2361 646 2410 clari
665 2364 775 2421 fuerunt,
798 2377 846 2411 uon
867 2362 950 2413 hastis
984 2362 1165 2411 Lachmannus·
1188 2365 1263 2418 aetus,

173 2447 240 2510 fugas
258 2448 355 2494 uuas.
389 2444 479 2510 Scripsi
496 2460 581 2502 arcus,
597 2460 651 2493 cam
669 2444 727 2493 Iuno
746 2443 865 2494 Helvetio.

208 2533 249 2583 28.
284 2533 357 2582 Codd.
372 2534 427 2582 ruit
428 2533 508 2582 rabia:
527 2534 640 2583 Heinsius
657 2533 758 2584 malebat
747 2534 912 2591 tcontrehia;
929 2533 992 2599 quod
1007 2535 1119 2583 firmatur
1135 2533 1164 2582 ab
1182 2531 1263 2582 Ouidio

180 2615 251 2664 utet.
267 2614 326 2673 ΙΙΙ,
340 2615 369 2664 4:
387 2614 651 2679 Propoutiquememor
665 2616 845 2665 contraheretur
859 2616 910 2674 tai;
925 2619 950 2666 et
964 2615 992 2664 ab
1009 2614 1264 2675 Horatio,(larmll‚

176 2697 220 2756 10,
238 2697 283 2746 23:
303 2696 438 2745 Contracta-r-
449 2701 518 2746 reato
533 2696 631 2745 nimium
646 2698 748 2746 seeundo
772 2698 876 2762 turpida
891 2699 952 2748 vele.

210 2785 251 2834 34.
286 2785 326 2834 Ita
347 2785 419 2832 Gran.
442 2787 466 2834 et
489 2786 566 2850 Neap.
587 2783 787 2850 Hamburgausis,
805 2785 927 2845 Vaticani,
946 2785 1082 2846 heldenses,
1099 2785 1207 2836 Vossiani
1223 2787 1264 2834 etc.

181 2870 240 2919 rata
256 2868 299 2917 aab
316 2867 402 2930 eeiyuo
413 2866 515 2932 flumine
529 2871 613 2916 nostra
629 2882 695 2916 auore
711 2872 755 2917 eat.

210 2957 251 3007 37.
284 2954 448 3005 Broulrhuaius
464 2957 488 3004 et
504 2955 651 3006 Burmannus
667 2955 787 3022 Apollinis
803 2962 875 3008 artes.

209 3051 251 3102 42.
286 3052 350 3101 Oodd
372 3068 451 3102 omnes
465 3053 525 3104 dure
533 3058 614 3118 poeto.
640 3054 768 3114 Beroaldus
784 3057 915 3104 correxerat
931 3056 992 3112 (loe,-
1006 3055 1041 3104 ita
1054 3071 1146 3121 qnoque
1161 3049 1261 3102 Paccius.

177 3134 222 3184 Sed
236 3150 283 3184 non
297 3134 405 3200 adparet,
419 3135 533 3200 quomodo
542 3134 625 3184 calami
635 3135 764 3186 scribarum
775 3141 920 3186 commutare
928 3137 1048 3202 potuerint
1059 3140 1143 3185 notaun
1152 3132 1262 3184 Philetam

179 3219 252 3267 Coum
268 3216 293 3266 in
309 3217 402 3266 durum.
429 3216 610 3276 Valckenarius,
628 3217 732 3282 Scaliger
749 3221 772 3267 et
788 3218 910 3282 Bentlejns
926 3216 1059 3285 probabant
1069 3235 1143 3282 pare,
1158 3217 1186 3266 ad
1196 3212 1261 3262 Calli·

177 3299 289 3349 maehum
300 3298 434 3348 referentes.
467 3299 501 3347 At
513 3315 585 3363 pure,
602 3299 687 3348 tritum
707 3299 839 3365 epitheton,
857 3316 931 3365 neque
945 3301 970 3350 iu
983 3301 1046 3349 huno
1059 3300 1138 3349 locum
1152 3296 1263 3350 convenit,

178 3396 252 3446 neque
273 3379 387 3430 minorem
409 3396 502 3432 versum
524 3380 609 3430 iterum
633 3381 662 3429 ad
679 3382 785 3431 eamdem
802 3385 895 3448 poetam
911 3381 1025 3446 respicere
1042 3380 1208 3430 eoncedendum
1224 3380 1263 3425 est.

178 3464 264 3513 Patrne
290 3461 429 3512 Seriverius,
444 3462 576 3514 emendavit
605 3465 680 3522 Dore,
706 3464 734 3513 de
759 3465 845 3514 Dorice
871 3464 964 3514 Phileta
992 3463 1125 3528 intelligens
1153 3459 1262 3524 (Doricus,

179 3542 310 3601 Druensis,
320 3543 420 3602 Dorium
430 3545 526 3605 Dorus).
545 3543 663 3608 Objicitur
671 3548 749 3596 tamen
758 3562 805 3595 nou
812 3546 944 3605 immerito,
956 3547 1046 3594 Dorum
1055 3540 1264 3610 pactamquemvi21

180 3630 205 3677 et
235 3625 313 3691 ipsum
339 3623 508 3676 Callimachum
533 3625 578 3675 dici
603 3642 679 3692 posse.
713 3627 778 3677 Hinc
803 3626 921 3678 Robertua
948 3628 1057 3692 Ungerus
1083 3628 1150 3678 docte
1173 3622 1261 3687 conjecit

179 3707 328 3772 Eurypyle‘ta
350 3705 387 3756 val
409 3707 568 3773 Eurypylida.
601 3709 735 3774 Eurypylus
759 3711 861 3760 (laurum
883 3726 924 3760 rex
945 3710 1004 3768 fuit,
1027 3709 1154 3774 urbemque
1169 3704 1260 3758 candidii
