2624 4398
698 374 757 434 134

185 534 310 606 abruptum
326 556 410 593 nexum
425 544 565 613 perspiciens
578 546 640 596 inter
653 546 853 613 comparationem
869 547 941 596 maris
955 548 1018 611 qnod
1034 547 1129 598 sadatur
1142 551 1169 598 ct
1182 546 1271 614 puellcn

184 635 245 686 genu
266 623 324 674 llsxo
347 625 473 680 cadcntcm.
506 627 537 678 In
558 644 604 695 qua
626 628 740 681 mutantia
764 628 921 680 confirmabat
942 646 966 680 v.
991 629 1036 688 39,
1064 628 1105 678 nbi
1127 646 1186 680 cera
1203 630 1272 695 pietas

184 705 279 772 pendet,
297 709 321 758 et
337 709 433 758 verbnm
449 710 599 761 desideratur.
617 710 758 776 Diligentius
776 714 855 761 tanam
872 711 952 762 locum
968 712 1125 778 perscrutanti
1142 726 1272 778 persuasum

185 787 244 838 mihi
273 789 333 849 fuit,
365 791 504 858 scripturam
535 792 648 842 Codicum
673 793 825 858 depravatam
850 809 915 853 esse,
942 795 981 843 scd
1006 794 1065 843 nibil
1090 795 1213 844 excidisse.
1249 797 1271 844 ln

184 885 210 920 v.
232 871 265 920 37
287 887 330 937 pro
352 873 374 922 η’
394 875 481 934 tacito,
504 876 579 940 Neap.
600 875 641 924 dat
663 874 698 925 cic
722 875 812 934 tacito,
836 875 994 925 Mentclianus
1014 877 1047 926 sic
1069 877 1157 934 tacito,
1185 875 1272 926 Paccius

185 968 256 1018 quam
271 953 353 1004 tacito.
379 955 475 1006 correxi
490 961 514 1007 et
529 957 556 1006 ia
572 948 661 1016 tacito,
681 957 793 1007 orationis
807 957 921 1022 junctura
937 958 1078 1024 postulante.
1106 959 1136 1008 V.
1153 959 1191 1008 38
1209 960 1271 1007 Grcn.

185 1036 209 1084 et
226 1035 302 1100 Ncap.
319 1035 358 1086 Sic
374 1038 442 1088 cadit
452 1038 555 1105 instarem
573 1038 709 1087 Drasdensis
723 1037 763 1088 bb‘c
777 1039 845 1088 cadit
858 1039 963 1105 insclim
981 1039 1122 1088 Hausianns
1135 1040 1189 1089 Hic
1201 1039 1271 1094 cadit

187 1115 371 1183 llambnrganeia
395 1120 423 1169 aa·
446 1120 527 1178 cadim
552 1120 716 1169 Aschewianus
741 1123 765 1169 et
790 1119 913 1170 Palatinus
943 1121 976 1170 Ut
1000 1122 1066 1171 cadit
1090 1121 1198 1188 iaflcrm
1221 1119 1272 1187 qnod

186 1199 269 1266 recepi.
302 1201 406 1252 Verbum
428 1204 491 1267 quod
512 1203 666 1252 necessarium
689 1202 761 1261 duco,
781 1219 805 1252 v.
822 1203 855 1252 39
872 1203 1004 1270 interposui
1020 1203 1136 1252 scribens:
1154 1203 1222 1252 rudit
1237 1217 1271 1267 pro

186 1280 240 1332 laxo
256 1285 280 1332 et
295 1282 403 1348 languido
420 1289 506 1334 tamen.
528 1285 633 1351 Denique
650 1301 673 1333 v.
691 1283 724 1332 35
741 1284 862 1334 emendavi
878 1285 913 1334 At
928 1301 972 1351 pro
990 1286 1034 1335 Ac.
1054 1287 1115 1334 Post
1130 1285 1190 1334 hacc
1208 1284 1271 1334 oratic

186 1366 249 1414 recta
270 1364 334 1415 fluit:
357 1369 385 1416 ut
405 1381 470 1416 mare
491 1383 544 1416 cum
567 1368 635 1433 ponit
654 1368 739 1416 fluctus
762 1371 820 1425 etc,
840 1383 894 1416 cum
911 1367 1013 1432 Antiope
1029 1382 1090 1432 genu
1106 1366 1166 1416 flexo
1187 1367 1271 1422 occidit,

187 1461 238 1497 scra
254 1446 317 1499 subit
332 1449 421 1500 animos
437 1450 525 1516 pietss3
542 1449 597 1500 filiis
614 1450 720 1516 cognitus
737 1453 773 1499 est
790 1465 863 1499 error.

219 1535 260 1586 45.
294 1537 366 1588 Grcn.
383 1542 407 1588 et
424 1541 500 1605 Neap.
512 1544 588 1603 prata
605 1539 683 1589 Zethi.
701 1539 763 1588 (lum
779 1538 808 1587 de
824 1537 923 1603 geminis
940 1537 1059 1602 loquitur,
1076 1537 1189 1586 alteruter
1205 1535 1270 1585 nomi·

187 1621 258 1668 nctnr
279 1622 303 1669 et
324 1636 367 1687 pro
389 1620 476 1671 duobus
493 1621 614 1687 accipitur.
648 1622 688 1670 Sic
704 1623 814 1686 Repacce
824 1621 907 1686 prima
923 1619 998 1670 Remi.
1032 1619 1070 1668 El
1088 1620 1142 1668 VII
1160 1621 1210 1668 Sec.
1227 1617 1271 1667 Iib.

188 1701 296 1766 Pctaqae
320 1702 429 1752 Pollcccs'r
454 1704 550 1769 lympha
574 1703 680 1753 calabria
702 1718 772 1768 equo,
795 1719 869 1768 quum
889 1705 913 1753 et
935 1702 1020 1751 Pollux
1042 1705 1066 1753 et
1089 1702 1176 1751 Castor
1197 1714 1270 1766 aquen

188 1780 306 1834 bibissent.
333 1785 370 1835 Of.
387 1784 478 1850 Ungeri
493 1783 612 1836 Analecta
629 1785 792 1850 Propertiaac
808 1799 862 1850 pag.
879 1784 919 1834 64.
961 1775 963 1779 ’
1032 1841 1039 1857 ⁶

520 2087 828 2154 ELEGIA
872 2087 946 2154 VII.

477 2285 479 2290 ,
553 2263 607 2311 Ml
627 2263 764 2312 molari:
784 2263 913 2311 Parr’rl.

429 2409 513 2472 (codd.
531 2412 556 2486 ct
572 2409 655 2458 Burin.
674 2409 701 2469 7,
721 2407 778 2466 III;
795 2407 915 2458 Lachman
932 2409 960 2468 6,
978 2407 1033 2470 IV.)

237 2565 354 2617 versuum
370 2566 476 2618 ordinem
492 2568 518 2617 iu
535 2567 608 2616 Godd.
626 2545 747 2616 turbidum
763 2567 868 2632 Scaliger
883 2568 1004 2617 restituero
1021 2571 1119 2618 conatus
1136 2570 1181 2625 est;
1198 2565 1236 2615 ssd

316 2648 380 2700 docti
396 2648 442 2700 viri
458 2648 545 2698 iterum
561 2649 661 2699 stadium
678 2649 819 2700 currendum
836 2665 885 2700 esse
900 2666 945 2716 pro
963 2652 1026 2700 certo
1043 2647 1151 2700 habuere.

308 2807 389 2886 Ergo
409 2808 554 2870 sollicitae
574 2813 607 2870 tn
627 2827 731 2888 causa,
753 2809 894 2887 pecunia,
915 2809 996 2868 vitae
1016 2825 1065 2868 es:

348 2913 407 2974 Per
426 2918 456 2974 to
477 2913 664 2973 immaturum
684 2914 784 2974 mortis
805 2913 921 2974 adimus
942 2912 1007 2973 iter.

310 3017 358 3078 Tu
377 3016 460 3078 vitiis
479 3015 630 3077 hominnm
650 3016 782 3077 crudelia
800 3017 911 3094 pabula
930 3016 1074 3094 praebca3

350 3118 469 3182 Semina
489 3137 623 3180 curarum
644 3120 681 3180 de
701 3120 797 3197 capite
818 3123 882 3180 orta
901 3122 970 3179 tuos

311 3223 359 3284 Tn
379 3223 504 3284 Paetum
525 3223 564 3282 ad
583 3222 707 3283 Pharios
728 3222 897 3282 tondentem
916 3222 1010 3281 lintea
1029 3223 1131 3297 portus
1251 3215 1267 3274 5

350 3324 458 3387 Obruis
477 3325 580 3386 insano
600 3329 704 3401 terque
725 3328 887 3401 quaterque
906 3325 991 3384 mari.

308 3429 386 3490 Nam
406 3430 476 3491 dum
496 3432 526 3490 te
546 3428 695 3506 sequitur,
716 3428 810 3505 primo
829 3427 919 3488 miser
939 3425 1052 3487 excidit
1072 3443 1159 3503 aevo,

347 3531 388 3593 ut
407 3549 485 3593 nova
504 3530 672 3607 longinquis
692 3531 822 3607 piscibus
843 3548 910 3591 cece
930 3534 1023 3590 natat.

307 3632 349 3694 llt
367 3637 462 3694 mater
480 3649 539 3692 non
554 3630 637 3709 jueta
656 3631 724 3708 piac
745 3631 815 3691 dare
836 3631 936 3692 debita
957 3636 1069 3709 terrae,

345 3737 410 3802 Nec
429 3741 498 3821 pote
518 3741 657 3814 cognatos
678 3737 755 3797 inter
774 3734 896 3797 humare
916 3753 1019 3812 rogos3
1160 3803 1162 3808 .
1233 3729 1264 3788 10
