2642 4396
672 297 729 354 226

278 468 334 529 His
354 485 408 544 ego
429 466 565 528 constitui
585 470 700 526 noctem
720 466 812 526 lenire
831 465 958 542 vocatis,

316 571 357 632 ut
376 571 491 631 Venere
513 569 613 645 ignota
632 568 710 628 furta
730 585 838 628 novare
858 585 933 628 moa.

275 675 359 734 Unus
380 676 444 734 erat
463 672 557 732 tribus
577 671 608 730 in
630 676 743 731 secreta
763 670 888 730 lectulus
909 669 1021 729 umbra.

315 776 440 850 Quaeris
461 774 654 836 concubitus?
676 775 753 834 inter
773 779 927 850 utramque
947 773 999 833 lui.

276 879 447 956 Lygdamus
468 879 507 937 ad
527 877 664 956 cyathos,
685 877 813 952 uitrique
835 877 949 936 aestiva
968 876 1118 955 supellex,

316 982 356 1043 Et
376 980 576 1057 Methymnaei
597 979 711 1039 Graeca
730 979 827 1039 saliva
846 980 935 1059 meri,

277 1085 362 1162 Nile,
382 1088 450 1144 tuus
470 1084 580 1143 tibicen
600 1087 678 1161 erat,
700 1083 877 1142 crotalistria
896 1082 1028 1162 Phyllis,
1222 1086 1260 1142 15

316 1187 356 1247 Et
375 1186 471 1246 facilis
491 1185 591 1261 spargi
611 1185 720 1245 munda
739 1185 803 1245 sine
824 1190 887 1246 arte
908 1205 990 1266 rosa;

277 1291 381 1349 Nanus
402 1288 515 1365 etipse
536 1306 604 1348 suos
624 1288 753 1348 breviter
774 1293 924 1350 concretus
945 1288 976 1348 in
996 1293 1075 1350 artus

316 1392 454 1452 lactabat
474 1395 592 1450 truncas
612 1391 651 1450 ad
671 1409 743 1450 cava
763 1392 842 1451 buxa
862 1409 974 1452 manus.

278 1494 337 1555 Sed
357 1512 452 1570 neque
472 1492 615 1570 suppletis
635 1493 787 1553 constabat
808 1493 927 1552 flamma
946 1495 1087 1572 lucernis,

317 1598 434 1657 Recidit
454 1597 542 1672 inque
564 1614 631 1657 suos
651 1614 753 1656 mensa
773 1597 878 1673 supina
898 1597 998 1674 pedes.
1213 1601 1257 1658 20

278 1700 326 1759 Me
348 1716 463 1775 quoque
483 1717 536 1776 per
555 1700 631 1758 talos
652 1698 798 1759 Venerem
818 1704 976 1774 quaerente
996 1700 1156 1779 secundos,

318 1801 439 1877 Semper
459 1800 591 1861 damnosi
613 1801 776 1861 subsiluere
797 1820 893 1862 canes.

277 1902 443 1963 (tentabant
463 1903 566 1979 surdo,
587 1902 737 1962 nudabant
757 1908 876 1979 pectora
897 1922 1000 1964 caeco:

318 2007 445 2067 Lanuvii
466 2007 639 2086 adportas,
661 2005 711 2065 hei
731 2006 819 2084 mihi,
841 2009 920 2067 solus
942 2009 1036 2068 eram!

278 2110 350 2171 Oum
371 2111 468 2170 subito
487 2109 568 2170 rauci
590 2115 747 2170 sonuenmt
768 2110 885 2170 cardine
905 2114 1019 2188 postes,
1212 2111 1250 2170 25

316 2215 356 2274 Et
376 2214 454 2273 levia
475 2213 514 2272 ad
534 2212 642 2289 primos
664 2231 813 2274 murmura
833 2213 911 2272 tacta
931 2213 1040 2272 Lares:

183 2377 187 2382 .
277 2318 342 2378 Nec
362 2336 458 2397 mora,
479 2335 545 2377 cum
566 2321 643 2378 totas
664 2317 813 2395 resupinat
834 2316 964 2393 Cynthia
985 2317 1105 2394 valvas,

318 2422 385 2482 Non
405 2440 527 2499 operosa
548 2423 653 2500 comis,
674 2422 728 2481 sed
747 2421 903 2481 furibunda
922 2420 1038 2481 decens.

279 2525 388 2584 Pocula
408 2525 448 2583 mi
468 2524 576 2600 digitos
597 2525 673 2583 inter
693 2524 825 2584 cecidere
845 2523 998 2602 remissos,

318 2626 546 2702 Palluerautque
567 2627 630 2702 ipso
650 2627 735 2686 labra
755 2628 851 2687 soluta
870 2644 959 2686 mero.
1211 2627 1249 2684 30

278 2727 428 2788 Fulminat
448 2727 501 2786 illa
522 2729 635 2811 oculis,
657 2733 687 2788 et
707 2733 849 2804 quantum
868 2728 978 2790 femina
998 2729 1110 2809 saevit3

319 2828 502 2905 spectaclum
524 2833 610 2906 capta
630 2845 685 2889 nec
704 2829 801 2890 minus
822 2830 894 2889 urbe
914 2829 979 2889 fuit.

279 2932 433 3010 Phyllidos
453 2933 543 2994 iratos
564 2934 595 2993 in
615 2935 729 2994 vultum
750 2934 867 3012 conjicit
886 2952 1015 3011 ungues:

320 3041 438 3100 Territa
457 3039 570 3100 vicinas
592 3040 669 3100 Tela
688 3042 796 3101 clamat
816 3060 898 3102 anus.

280 3142 406 3202 Lumina
426 3144 536 3219 sopitos
557 3144 676 3203 turbant
696 3145 775 3204 elata
795 3143 940 3224 Quirites,

320 3244 421 3306 Omnis
442 3250 471 3306 et
492 3247 596 3307 insana
616 3247 722 3308 semita
742 3252 826 3308 nocte
848 3252 941 3308 sonat.

280 3347 352 3409 Illas
373 3349 553 3426 direptisque
574 3350 665 3410 comis
685 3351 849 3426 tunicisque
870 3351 973 3412 solutis

318 3449 438 3528 Excipit
459 3453 597 3512 obscurae
618 3451 713 3528 prima
733 3453 855 3512 taberna
876 3454 952 3514 viae.

279 3549 409 3627 Cynthia
428 3552 537 3629 gaudet
558 3553 589 3613 in
609 3553 724 3614 exuviis
745 3554 909 3630 victrixque
930 3556 1071 3635 recurrit,

247 3683 251 3691 ·
318 3652 358 3714 Et
378 3671 443 3714 mea
463 3672 603 3732 perversa
623 3655 736 3716 sauciat
756 3674 807 3716 ora
827 3675 932 3736 manu,
1205 3655 1241 3714 40
