2642 4396
454 819 780 902 nunerio

109 1090 249 1166 QUAE
290 1089 561 1151 PROPERTII
601 1089 792 1151 NOMINE
834 1091 1113 1153 FERUNTUR.

520 1365 723 1372 ...m—...⁴

609 1572 635 1636 I.

502 1726 550 1772 ΙΝ
577 1725 746 1774 ΒΕΝᾸΜ.

354 1847 450 1910 (codd,
468 1849 551 1898 Burm.
568 1847 598 1906 5,
616 1847 668 1905 IV;
685 1849 783 1897 Lachm.
801 1847 829 1906 ὅ,
847 1848 887 1908 V.)

197 1983 291 2040 Terra
311 1986 393 2040 tuum
413 1981 506 2058 spinis
527 1981 668 2058 obducat,
689 1983 772 2059 lena,
793 1983 973 2060 sepulerum,

233 2085 274 2144 Et
293 2088 360 2161 trra,
381 2085 460 2159 quod
480 2103 538 2144 non
557 2085 619 2162 vis,
640 2084 749 2144 sentiat
768 2084 872 2144 umbra
891 2083 987 2162 sitim3

194 2189 258 2248 Nee
278 2188 399 2248 sedeant
419 2187 510 2247 cineri
530 2187 648 2264 Manes,
669 2190 699 2245 et
719 2184 862 2246 Cerberus
881 2187 970 2245 ultor·

235 2291 348 2367 Turpia
363 2290 466 2367 jejuno
485 2293 594 2348 terreat
614 2307 680 2349 ossa
700 2306 785 2368 son03

194 2394 288 2453 Docta
308 2394 357 2452 vel
376 2393 570 2468 Hippolytum
590 2392 699 2452 Veneri
719 2391 832 2452 mollire
852 2396 1026 2470 negantem,
1147 2392 1166 2451 5

138 2556 143 2564 ,
236 2495 435 2570 eonem-dique
456 2499 518 2554 toro
538 2493 667 2569 pessima
687 2511 803 2569 semper
822 2493 895 2553 avis.

194 2601 361 2675 Penelopen
380 2615 511 2676 quoque,
532 2599 665 2674 neglecto
685 2615 799 2658 rumore
819 2597 958 2676 maritae,

232 2703 352 2762 Nubere
371 2703 482 2762 lascivo
502 2705 620 2778 cogeret
640 2699 776 2761 Antinoo.

193 2805 250 2863 Illa
270 2804 358 2882 velit,
378 2804 486 2880 poterit
506 2819 627 2880 magnes
646 2821 704 2862 non
724 2802 830 2862 ducere
850 2802 976 2879 ferrum,

233 2909 274 2968 Et
292 2909 420 2968 volueris
438 2907 516 2967 nidis
538 2924 603 2967 esse
623 2923 748 2966 noverea
768 2905 846 2985 suis3
1128 2909 1168 2968 10

195 3009 310 3088 Quippe
330 3014 364 3070 ut
384 3008 513 3070 Collinas
534 3009 572 3068 ad
592 3007 700 3068 fossam
720 3008 835 3068 noverit
854 3007 976 3086 herbas,

236 3111 351 3172 Stantia
371 3112 498 3172 currenti
518 3111 698 3171 diluerentur
718 3128 810 3186 aqua:

194 3214 301 3275 Audax
321 3218 455 3274 cantatae
475 3216 557 3291 leges
578 3215 726 3291 imponere
746 3215 867 3293 Lunae,
935 3196 937 3200 ¹

234 3317 275 3377 Et
295 3333 348 3376 sua
368 3321 507 3376 nocturno
526 3315 629 3375 fallere
649 3319 733 3392 terga
752 3317 830 3393 lupo.

195 3418 294 3480 Possit
312 3422 346 3479 ut
365 3419 492 3478 intentos
512 3421 579 3478 astu
599 3435 719 3480 oaeeare
739 3418 874 3497 maritos,

236 3522 390 3584 Oomioum
410 3523 570 3584 immeritas
591 3521 667 3582 eruit
686 3539 783 3598 ungue
803 3539 912 3601 genas,

197 3626 408 3703 Consuluitque
428 3626 535 3703 striges
554 3629 652 3686 nostro
673 3624 711 3684 de
731 3625 890 3702 sanguine,
911 3628 941 3685 et
961 3624 992 3684 in
1012 3640 1059 3684 me

236 3732 438 3808 Hippomanes
458 3725 553 3789 foetae
575 3729 687 3790 semina
707 3729 781 3807 legit
801 3744 903 3804 equae.
