2624 4398
531 369 588 429 131

11 543 28 591 d
44 545 91 593 est:
113 544 196 609 potest
211 540 286 592 dieere
301 557 340 592 me
356 541 454 594 rivalem
470 539 555 592 hebere
571 540 597 590 in
613 539 678 592 nulls
693 539 784 590 domei
809 540 891 592 Prims
907 540 1041 607 eonjeetnrs
1057 560 1104 595 non

11 625 135 683 umrseiu
160 622 234 674 sltere
255 626 345 690 pugnet
367 639 421 674 eum
443 622 564 674 sententiis
587 621 790 688 subsequentibm‚
807 621 847 672 nbi
863 621 892 673 ds
907 623 976 674 rissli
991 625 1108 692 loquitur.

11 708 80 758 Ulcus
97 708 161 757 latet
177 707 202 756 in
218 705 307 756 dusbns
324 703 420 756 vocibus
437 707 560 771 aequalest
576 705 676 756 seuam.
701 703 1107 774 Reponiatpuuuamqmt

11 790 115 839 Perfidus
132 789 175 838 ille
190 789 265 838 dieere
281 791 359 854 potest
375 803 400 837 se
417 786 488 836 ulium
503 786 568 836 domi
584 784 688 836 hebere?

38 881 80 929 27.
115 881 199 930 Busta
209 878 335 944 jacentia,
352 877 469 945 eollspse,
486 892 579 936 eversu,
596 875 683 926 diruta.

40 969 83 1019 28
119 969 197 1021 Godd.
213 971 284 1020 laeua
299 967 361 1017 sitta
376 965 428 1017 viro
454 966 567 1016 Heinsius
584 965 688 1016 restitnit
703 971 764 1017 tore.
782 967 822 1017 Ite
836 965 928 1017 etism
920 967 1108 1020 nuLeideusibns

11 1051 129 1112 IetII,
146 1048 522 1102 intribnsVossisnisetnliis.

42 1143 83 1190 39.
120 1143 196 1191 Gron.
220 1139 291 1197 Quod
310 1137 371 1188 ses‘lss‘
390 1153 414 1188 es
435 1142 519 1194 tantm
543 1138 619 1203 Nssp.
638 1137 709 1193 Quod
723 1138 785 1188 nihi
801 1142 826 1188 et
841 1142 924 1198 tantm
951 1140 1013 1190 unde
1030 1140 1108 1191 Isesh-

11 1239 109 1272 mennus
126 1237 219 1282 verens,
237 1224 264 1271 ut
280 1223 352 1288 puto,
369 1220 517 1271 eoneinnsvit
533 1220 728 1272 emendationem:
749 1221 820 1277 Quod
833 1221 895 1273 niti
909 1222 932 1273 η’
946 1237 961 1274 e
976 1227 1053 1274 tastu

371 1475 648 1544 nnueln
692 1477 749 1543 v1.

287 1657 338 1705 ιιι
359 1655 562 1730 enunnssns
582 1657 637 1706 nn
657 1633 836 1707 uncinus.

213 1800 296 1863 (codd.
323 1800 369 1861 15,
395 1801 479 1850 Bnrm.
507 1800 551 1860 13,
578 1799 636 1859 111;
662 1801 761 1852 Luehm.
788 1801 832 1861 14,
858 1800 915 1863 1v.)

51 1959 139 2009 Versus
163 1958 262 2008 11-14
285 1957 357 2007 codd.
382 1957 498 2009 collocent
513 1959 538 2010 in
555 1961 601 2009 i'nne
617 1960 735 2010 cenninis.
770 1959 871 2026 anpins
887 1962 912 2010 et
927 1961 1077 2010 Burmannus

82 2043 223 2090 monuerunt
245 2039 276 2088 13
299 2043 323 2089 et
347 2040 379 2089 14
400 2041 519 2107 ponendos
540 2057 590 2091 esse
613 2045 666 2092 ente
689 2042 732 2092 15:
763 2043 836 2092 Testis
857 2043 905 2092 erit
927 2043 1016 2101 Dires;
1038 2043 1077 2093 sed

83 2127 167 2173 contre
182 2122 331 2172 observatum
347 2123 392 2170 init
401 2139 423 2172 v.
434 2122 464 2171 11
475 2126 499 2173 et
509 2123 540 2173 12
554 2124 649 2174 Fabula
661 2127 730 2174 nulla
743 2129 797 2174 tuae
811 2124 861 2174 sine
875 2124 922 2174 ulls
936 2126 1077 2176 connexione

83 2211 138 2272 post
160 2207 279 2255 narsetum
300 2203 415 2270 Antiopae
435 2204 559 2255 historiam
580 2205 657 2269 sdjiei.
690 2206 723 2256 ut
739 2208 815 2263 recte;
838 2205 926 2256 sufficet
942 2223 989 2256 non
1006 2193 1079 2258 unum

83 2293 178 2339 tantum
200 2287 328 2345 distichon,
350 2286 390 2336 sed
411 2285 457 2336 duo
480 2290 599 2352 postrema
621 2291 677 2337 sunt
698 2287 826 2337 reeoeends
841 2291 895 2353 post
911 2289 1028 2354 quintum.
1045 2318 1079 2328 -

86 2375 171 2423 Nonne
186 2376 282 2438 putares
296 2370 437 2434 Cynthium,
451 2385 524 2435 quum
536 2370 561 2420 in
574 2370 718 2437 praecedenti
732 2369 806 2434 elegit
814 2369 841 2420 de
849 2369 918 2420 niveli
926 2375 1076 2436 quereretur,

86 2455 113 2504 sd
131 2454 262 2520 Lycinnam
277 2452 423 2518 respexisse?

141 2612 192 2672 Sie
212 2629 266 2688 ego
286 2627 344 2671 non
363 2610 440 2670 ullos
459 2609 554 2669 norim
573 2609 605 2670 in
625 2627 724 2670 amore
744 2610 904 2690 tumultus,

177 2716 242 2776 Nee
262 2713 363 2774 veniat
382 2714 446 2773 eine
466 2718 497 2774 te
517 2731 577 2774 non
596 2711 750 2790 vigilanda
770 2713 862 2774 mihil

139 2817 181 2879 Ut
200 2815 273 2876 mihi
293 2818 464 2893 praetextae
484 2813 578 2890 pudor
598 2817 644 2874 eet
663 2816 779 2876 velatus
800 2816 931 2898 eminus,

178 2920 218 2981 nt
238 2919 309 2980 dete
327 2917 450 2979 libertus
469 2933 590 2977 noseere
611 2914 729 2978 Amoris
750 2917 825 2998 iter,

140 3024 197 3084 Ille
217 3023 305 3084 rudes
326 3021 438 3082 animos
458 3023 632 3098 pennottus
653 3021 770 3081 eonseie
789 3022 899 3099 primes
1095 3026 1114 3087 5

180 3126 290 3188 Imbuit
309 3124 369 3186 hen
388 3125 478 3185 nullis
499 3127 586 3201 nepta
606 3123 742 3201 Lycinna
762 3125 855 3188 detis:

142 3231 262 3292 Tertius
282 3229 362 3290 hund
382 3230 474 3289 multo
494 3228 591 3288 minus
612 3232 658 3288 est
678 3245 744 3288 eum
764 3228 882 3290 ducitur
902 3247 1012 3310 annue,

182 3335 242 3394 Vix
262 3333 382 3394 memini
402 3331 487 3393 nobis
507 3332 599 3391 verba
620 3329 713 3390 coisse
735 3330 847 3393 desem.

142 3438 254 3499 Ounete
273 3441 341 3496 tuns
362 3434 500 3513 sepelivit
520 3450 617 3512 amor,
637 3449 692 3493 nee
711 3432 822 3494 femina
841 3438 909 3513 poet
928 3438 958 3496 te

181 3542 252 3603 Ulla
272 3539 355 3601 dedit
375 3538 450 3599 eollo
472 3536 571 3596 duleis
590 3535 690 3595 vinule
709 3553 783 3596 meo.
1078 3543 1117 3602 10

142 3645 259 3706 Fabula
278 3643 362 3704 nulla
381 3646 449 3703 tues
469 3640 507 3700 de
527 3639 612 3700 nobis
632 3639 757 3702 concitet
777 3657 880 3701 eures:

185 3749 232 3808 Te
253 3748 346 3807 selem
367 3749 397 3805 et
417 3743 507 3820 lignis
527 3741 638 3803 funeris
658 3745 742 3803 ustum
762 3761 866 3804 amem.
