2640 4400
559 328 578 388 9

141 501 237 564 Unius
255 519 311 564 nee
330 501 401 565 defit
416 501 556 582 jucundis
575 500 674 580 gretie
693 500 803 582 dietis,

180 603 288 666 Omnis
307 624 443 685 quaeque
463 605 580 686 Venus,
601 624 736 685 quaeque
755 605 891 668 Minerva
909 607 1023 688 probet.
1073 608 1115 669 40

141 709 197 771 His
216 713 249 771 tn
266 728 385 788 semper
404 711 463 773 eris
481 715 599 772 nostrae
619 710 787 788 gratissime
806 710 903 792 vitse,

181 813 297 874 Taedia
316 813 386 874 dum
405 813 530 875 miserae
550 813 610 876 sint
629 808 691 876 tibi'
704 815 848 877 luxuriae.

141 915 214 978 (lum
233 917 289 977 tibi
308 934 364 978 nee
383 916 473 978 irater
492 935 547 979 nee
566 918 607 980 sit
626 917 682 979 tibi
702 918 781 980 filius
800 919 895 999 ullus,

180 1019 286 1080 Frater
305 1037 360 1097 ego
380 1023 411 1081 et
430 1019 485 1080 tibi
505 1020 562 1082 sim
580 1019 659 1082 filius
678 1039 755 1086 uuus
774 1037 829 1100 ego

139 1121 207 1201 Ipse
227 1126 296 1184 tuus
317 1139 434 1200 semper
453 1122 508 1184 tibi
528 1123 569 1184 sit
589 1123 722 1185 custodie
742 1124 853 1204 leetus,
1073 1125 1113 1186 45

178 1226 243 1287 Nee
262 1226 350 1289 nimis
370 1231 473 1288 emate
491 1227 585 1290 fronte
605 1228 708 1290 sedere
728 1229 813 1290 velis.

139 1326 264 1390 (iredem
284 1347 355 1411 eg03
376 1330 507 1391 narranti
527 1331 588 1392 noli
608 1331 789 1393 committere
808 1329 920 1393 umes:

177 1433 218 1493 Et
237 1436 331 1494 terras
351 1451 449 1494 rumor
468 1434 597 1495 transilit
616 1437 647 1496 et
666 1433 769 1495 merie.

62 1570 95 1620 16.
127 1570 199 1622 Cedd.
215 1575 320 1634 semesa
335 1573 403 1623 salet.
437 1573 550 1624 Heinsius
567 1574 699 1625 emendavit
709 1575 820 1640 fumosa
835 1577 876 1626 sal
891 1587 923 1624 es.

62 1661 95 1712 18.
126 1663 155 1713 Id
171 1667 209 1714 est
224 1679 273 1714 non
289 1669 355 1714 ama
370 1681 435 1723 eum,
453 1681 514 1730 quae
529 1670 565 1715 est
579 1664 670 1730 arts's'er
677 1664 775 1730 forulae
790 1680 856 1716 suae.
882 1663 995 1716 Heinsius
1012 1663 1115 1715 melebet

33 1741 119 1806 Jtruuu
134 1747 266 1812 artificem,
283 1748 383 1796 formem
400 1763 459 1813 ques
474 1747 574 1798 entilioiu
591 1747 710 1798 eleborata
726 1751 770 1798 est.

61 1835 94 1884 21,
124 1835 196 1887 Oodd.
207 1837 340 1902 famosius
356 1837 462 1888 arbutus.
490 1838 571 1903 Quum
588 1839 672 1888 dumus
682 1838 794 1902 fhrmosa
810 1837 944 1904 presoedet,
962 1835 1076 1887 Heinsius
1090 1840 1115 1888 et

37 1915 137 1981 Bentlejus
152 1924 327 1986 proposuenmt
338 1921 471 1986 permolor,
487 1921 643 1986 frondosior,
660 1920 803 1978 animosum
829 1919 994 1970 Lechmeunns
1004 1919 1114 1985 felicius.-

37 1999 107 2066 Scu‘psi
115 2003 229 2067 felicior,
248 2002 304 2067 quis
320 2002 472 2069 subsequitur
490 2002 591 2052 dulcius.

64 2087 96 2138 35.
127 2090 200 2140 codd.
222 2107 286 2140 nuno
307 2106 388 2140 vorm
409 2092 459 2140 sine
478 2089 647 2156 interrogative
668 2090 792 2158 particule.
826 2091 923 2157 Repono
946 2105 1000 2140 sum
1016 2089 1115 2141 leoobio

39 2185 110 2221 resur.
133 2172 235 2224 limeris
258 2173 398 2238 significetio
415 2177 451 2223 est
467 2173 492 2222 in
508 2174 553 2223 hoo
569 2189 654 2241 versu!
671 2173 712 2239 qni
729 2174 763 2223 sio
780 2175 816 2224 est
831 2171 1006 2237 intelligendus:
1034 2173 1115 2236 Quum

41 2253 96 2302 tute
115 2258 163 2305 lem
186 2255 290 2306 studiose
312 2271 392 2316 ornes,
417 2271 493 2306 nonne
510 2255 595 2306 rivales
612 2271 676 2306 meos
693 2259 792 2306 verser?
826 2255 908 2304 Minor
924 2269 1006 2304 versus
1022 2254 1115 2305 timeris

41 2348 115 2386 ensem
129 2339 248 2405 exprimit.
265 2366 300 2376 ·-·
316 2337 381 2387 Mele
396 2338 461 2403 vulg.
478 2355 508 2388 ne
523 2339 557 2388 eis
574 2339 634 2389 mili
650 2339 721 2388 vilior
737 2339 803 2397 istis,
820 2336 845 2386 id
862 2339 897 2386 est
913 2335 1024 2386 hereiuis.

65 2425 97 2474 39.
127 2429 199 2478 Grou.
214 2427 298 2492 qratia
315 2427 401 2486 dicem
419 2429 489 2478 ceteri
507 2429 595 2478 codices
610 2429 693 2494 pratia
706 2429 789 2478 endis.
809 2427 984 2491 Groningensm
992 2425 1115 2476 lectionem

42 2505 104 2556 suffit
129 2509 294 2567 Burmannus,
325 2509 435 2575 probavit
464 2508 590 2568 leoobius,
619 2510 751 2575 intelligens
778 2510 806 2558 de
834 2509 900 2559 brevi
926 2507 967 2558 illo
998 2511 1022 2558 et
1046 2511 1115 2558 eouto

41 2583 154 2640 faudem
170 2606 271 2656 genere,
288 2591 350 2656 quod
367 2591 484 2640 dictorum
501 2592 594 2642 nomine
610 2592 705 2658 proprie
720 2595 826 2643 roeetnr.
861 2589 954 2642 Possim
969 2590 995 2640 in
1013 2589 1116 2654 Cynthia

42 2663 124 2721 kemut
139 2673 278 2739 Propertius
295 2673 415 2739 superiore
431 2674 545 2732 distich03
562 2674 601 2725 hio
618 2675 685 2725 seles.

67 2758 99 2808 47.
127 2761 230 2813 Plurimi
249 2763 431 2830 intorprmgunt:
456 2764 556 2814 Credam
577 2779 620 2828 eqo
636 2762 761 2823 mananti,
777 2763 829 2812 noli
845 2761 1002 2822 cummium,
1012 2761 1114 2827 samar,-

44 2835 110 2892 idest:
126 2845 173 2895 noli
190 2861 300 2911 pecorum
323 2861 423 2911 nemque
438 2845 498 2896 nihil
515 2850 619 2906 tacetur,
637 2851 661 2897 et
678 2863 720 2911 ego
737 2847 830 2896 eredem
847 2847 929 2895 iamne.
963 2845 1115 2895 Contrarium

44 2919 108 2974 dixisse
127 2928 279 2994 Propertium
300 2927 415 2978 arbitror:
442 2927 496 2977 'libi
516 2945 558 2993 ego
576 2929 679 2988 crelem3
702 2929 741 2978 sed
759 2945 813 2979 osvo
828 2945 858 2978 ne
874 2943 922 2978 uon
938 2928 993 2977 lorti
1009 2943 1114 2980 moseres

24 3015 27 3084 ζ
45 3003 161 3068 themu
179 3008 277 3076 gerrule
292 3009 354 3060 enim
370 3013 406 3060 est
422 3011 496 3061 Peme
513 3015 537 3062 et
553 3011 670 3070 voluerim
686 3027 742 3063 rere
758 3015 783 3062 et
797 3011 857 3063 ielse
873 3010 975 3076 evulget.

379 3196 654 3262 ELEGIA
699 3196 754 3263 VI.

260 3350 321 3398 nn
347 3351 559 3400 crunnus
585 3353 880 3401 uonurnrrr..

354 3473 437 3537 (cous
453 3475 536 3526 num.
553 3478 577 3526 et
593 3475 690 3526 nuum.
707 3476 734 3535 s,
752 3475 784 3536 1.)

142 3607 248 3684 Qualis
268 3609 387 3671 Thesea
401 3611 497 3688 jeouit
517 3611 638 3672 cedente
659 3612 759 3672 earinu

181 3711 340 3791 Languida
359 3714 484 3778 desertis
505 3713 616 3778 Gnosia
634 3713 784 3795 litoribus3
