2642 4396
691 375 750 433 180

292 544 367 606 Onm
386 547 478 608 semel
497 543 627 606 infernas
648 545 793 606 intrarunt
812 543 916 606 funera
935 545 1033 625 leges,
1238 543 1253 602 5

331 649 475 711 Panditur
494 649 534 710 ad
553 651 650 711 nullas
666 649 761 728 janua
780 649 866 726 nigra
886 667 999 727 preces.

292 753 339 814 Te
359 753 430 814 licet
448 756 580 813 orantem
600 752 700 815 fuscae
721 753 794 814 deus
815 753 918 814 audiat
937 753 1040 832 aulae,

330 855 399 917 Non
419 859 538 916 exorato
557 859 638 916 stant
657 855 815 916 adamante
836 873 929 918 serae.

293 957 342 1020 Sic
361 962 490 1020 moestae
511 959 643 1020 cecinere
663 959 771 1038 tubae,
791 975 859 1018 eum
879 957 998 1018 subdita
1017 961 1150 1020 nostium

331 1060 508 1122 Detraheret
527 1061 603 1122 lecto
623 1061 674 1121 fax
694 1061 815 1122 inimica
834 1064 931 1139 caput.
1033 1100 1036 1105 -
1224 1059 1256 1117 10

293 1164 372 1241 Quid
391 1164 464 1226 mihi
484 1165 651 1244 conjugium
669 1165 785 1244 Paulli,
805 1164 878 1242 quid
898 1165 1019 1242 mugnis
1039 1183 1160 1228 avomm

331 1266 460 1346 Profuit,
480 1272 531 1329 aut
550 1267 647 1329 famae
666 1268 792 1346 pignora
811 1271 896 1328 tanta
915 1269 1026 1330 meae?

291 1370 359 1431 Nou
378 1370 474 1431 minus
494 1371 621 1432 immites
641 1368 732 1430 habui
753 1368 891 1430 Cornelia
910 1371 1035 1433 Paucas:

331 1473 379 1532 En
398 1491 476 1552 sum,
496 1472 574 1548 quod
594 1472 696 1550 digitis
717 1473 847 1551 quinque
867 1474 984 1535 levatur
1003 1492 1087 1535 onus.

292 1577 456 1638 Damnatae
475 1581 575 1637 noctes
596 1580 626 1637 et
645 1593 697 1637 vos
718 1576 796 1636 vada
815 1578 898 1638 lento
917 1578 1035 1654 paludis

331 1681 372 1742 Et
390 1699 591 1758 quaecumque
610 1699 691 1742 meos
711 1681 843 1758 implicet
863 1681 944 1742 unda
962 1681 1072 1761 pedes,

294 1777 451 1838 Immatnra
472 1778 557 1857 licet,
578 1782 678 1838 tamen
698 1775 834 1838 huonon
853 1778 944 1837 noxia
963 1778 1049 1838 veni:

333 1880 481 1958 Deprecor
500 1879 569 1940 hinc
589 1878 710 1940 umbrae
731 1880 832 1940 mollia
846 1880 917 1957 jura
936 1897 1029 1940 meae.

294 1981 335 2043 At
355 1983 382 2044 si
402 1981 469 2058 quis
488 1981 586 2058 posite
600 1981 698 2059 judex
719 1983 803 2044 sedet
822 1981 939 2044 Aeacus
958 2001 1048 2060 urna,

334 2084 365 2145 Is
384 2101 451 2144 mea
470 2084 575 2144 sortito
594 2084 725 2144 vindicet
745 2103 812 2146 ossa
831 2085 909 2166 pila3

294 2186 459 2248 Adsideant
478 2187 600 2248 fratres:
616 2188 705 2266 juxta
724 2189 856 2249 Minoida
875 2190 980 2250 sellam

334 2289 530 2350 Eumenidum
548 2290 660 2351 intento
680 2291 767 2350 tumba
786 2308 891 2352 severa
910 2291 981 2352 foro.

295 2393 437 2474 Sisyphe,
458 2395 535 2455 mole
555 2412 658 2475 vaces3
679 2399 797 2456 taceant
817 2395 929 2457 Ixionis
949 2394 1050 2474 orbes3

335 2498 442 2558 Fallax
460 2499 606 2558 Tantalea
626 2497 783 2576 corripiare
803 2499 915 2578 liquor3

296 2598 440 2661 Cerberus
460 2605 492 2662 et
510 2601 607 2662 nullas
627 2598 715 2661 hodie
735 2604 818 2678 petat
837 2601 987 2679 improbus
1006 2601 1143 2680 umbras,

334 2703 375 2776 Et
389 2704 490 2782 jaceat
509 2705 602 2766 tacita
620 2705 689 2764 laxa
709 2709 815 2766 catena
834 2723 910 2766 sera

296 2804 366 2885 Ipsa
384 2809 488 2885 loquar
508 2826 561 2885 pro
580 2825 644 2888 me;
665 2809 691 2869 si
711 2808 799 2888 fallo,
819 2827 915 2887 poena
934 2826 1065 2871 sororum

335 2909 446 2972 Infelix·
464 2911 599 2973 humeros
619 2915 725 2988 urgeat
745 2929 819 2972 urna
839 2929 928 2973 meos.

297 3009 329 3070 Si
349 3013 397 3072 eui
416 3012 496 3073 fama
514 3013 570 3074 fuit
589 3031 644 3091 per
663 3015 745 3075 avita
764 3019 885 3092 tropaea
904 3015 1019 3094 decori,

336 3114 431 3178 Versa
449 3117 645 3180 Numantinos
664 3136 757 3196 regna
776 3120 935 3195 loquuntur
953 3137 1034 3180 avos.

276 3201 281 3210 ⁵
296 3214 399 3278 Altera
418 3223 565 3280 maternos
586 3225 732 3298 exaequat
751 3221 839 3282 turba
858 3221 1004 3301 Libones,

336 3319 377 3380 Et
396 3320 499 3382 domus
520 3326 565 3382 est
585 3322 681 3383 titulis
700 3327 825 3399 utraque
845 3322 920 3384 fulta
940 3324 1012 3385 suis.

296 3419 366 3481 Mox
385 3422 437 3483 ubi
452 3423 516 3500 jam
536 3419 649 3498 facibus
670 3425 759 3486 cessit
779 3429 934 3502 praetexta
954 3426 1084 3506 maritis,

337 3523 441 3584 Vinxit
461 3530 491 3586 at
511 3544 647 3602 aspersas
668 3529 762 3588 altera
782 3529 859 3590 vitta
879 3548 993 3610 comas,

296 3623 424 3706 Jungor,
445 3628 565 3708 Paulle,
586 3635 637 3691 tuo
657 3631 700 3692 sio
720 3632 886 3694 discessura
906 3635 1013 3714 cubili,

337 3729 379 3788 Ut
398 3730 497 3806 lapide
518 3732 587 3794 huic
607 3735 659 3794 uni
679 3740 772 3812 nupta
791 3737 882 3798 fuisse
904 3739 995 3815 legar.
