2642 4396
574 355 632 420 lor

173 527 242 590 Non
262 525 313 590 laio
331 525 537 592 Andromedae
556 533 696 592 resonant
715 548 768 609 pro
788 534 883 594 matrs
903 535 1043 613 monae,

213 630 278 692 Neo
298 629 400 692 tremis
420 629 584 712 Ausonias,
605 631 726 695 Phoebe
744 631 863 713 iugata,
883 635 992 714 dapes,
1109 635 1150 696 30

172 733 238 796 Neo
257 732 396 809 cuiqnam
417 733 556 796 absentes
575 739 711 797 arserunt
731 736 763 797 in
782 740 873 818 oaput
892 737 993 820 ignes,

148 829 153 842 ’
215 836 350 900 Exitium
369 841 439 900 nato
459 841 553 902 matre
573 843 708 901 movente
729 859 791 902 sno.

174 938 311 1002 Penthea
330 959 389 1002 non
409 959 516 1002 saevae
536 946 682 1004 venantur
700 944 732 1006 in
752 945 856 1007 arbore
876 944 1028 1025 Baoehaa,

215 1042 279 1104 Neo
299 1043 387 1104 solvit
407 1043 528 1104 Danaas
549 1044 669 1106 subdita
688 1063 776 1108 serva
795 1049 890 1128 ratos;

174 1143 293 1208 Cornua
311 1164 367 1209 neo
386 1147 483 1208 valuit
502 1165 624 1211 ourvare
644 1148 676 1210 in
695 1149 803 1228 pellica
821 1150 915 1228 June,
1108 1152 1147 1212 35

214 1247 277 1311 Aut
296 1248 402 1312 faeiem
423 1250 502 1330 turpi
522 1234 700 1313 dedecoriue
720 1252 811 1332 bove,
856 1247 858 1252 ’

175 1351 361 1413 Arboreasve
382 1368 483 1413 oruoes
504 1351 590 1432 sinit,
612 1356 663 1414 aut
682 1371 742 1414 non
760 1352 879 1436 hospita
898 1353 998 1432 Grajis

215 1454 312 1535 Saxa,
333 1458 385 1516 aut
405 1457 542 1518 curvatas
562 1456 593 1516 in
613 1474 669 1517 sua
687 1456 749 1518 iata
769 1457 877 1519 trabes.

174 1557 259 1621 Haeo
278 1557 350 1638 tibi,
371 1557 477 1638 Tulle,
498 1575 621 1638 parens,
642 1557 717 1624 haee
737 1561 783 1620 est
802 1559 1000 1638 pulcherrima
1019 1560 1120 1640 sedes3

216 1661 274 1723 His
294 1661 350 1724 tibi
369 1680 423 1742 pro
442 1661 534 1739 digna
553 1666 642 1740 gente
662 1663 807 1742 petendus
827 1663 936 1745 honos3
1108 1664 1149 1725 40

174 1763 232 1827 Hie
251 1763 307 1828 tibi
327 1764 366 1826 ad
387 1764 536 1842 eloquium
556 1765 653 1846 nives,
674 1765 723 1828 hio
744 1767 843 1846 ampla
862 1769 1001 1846 nepotum

214 1867 290 1946 Spes
311 1873 341 1931 et
359 1871 501 1930 venturae
522 1869 655 1949 eonjugis
675 1873 763 1948 aptus
782 1889 874 1934 amor.

100 2049 127 2098 4.
162 2047 372 2112 Interrogationem
388 2048 501 2115 apposui,
518 2065 547 2100 ne
564 2049 639 2100 oratio
655 2050 754 2118 pendeat
771 2050 887 2118 usquead
904 2066 926 2100 s.
945 2051 987 2102 18.
1012 2049 1041 2098 Id
1057 2065 1149 2115 quoque

47 2129 170 2182 sententie
186 2129 275 2186 susdet.
574 2117 576 2129 ⁴
815 2188 817 2193 ¹

84 2218 195 2270 11-14.
228 2219 262 2268 'l'n
277 2235 330 2269 oum
343 2219 390 2270 tuis
403 2219 472 2272 soniis
486 2218 621 2270 Colchidem
634 2224 699 2288 petas
713 2222 813 2287 etlapsa
828 2221 874 2272 iter
886 2221 960 2272 trabis
972 2221 1088 2281 Peliacas,
1103 2238 1149 2287 qna

46 2302 209 2369 rudispinus,
224 2301 614 2370 sdaotainiaaismnovasproras,
628 2304 866 2363 missitiuterssxa,
881 2303 1148 2368 dnoeoolnmbaArgoa.

84 2391 128 2443 15.
163 2392 235 2441 Gran.
258 2395 283 2441 et
305 2393 381 2458 Neap.
402 2393 439 2444 Et
457 2391 481 2442 ai
496 2410 544 2458 qua
563 2392 643 2458 θήρα.
678 2392 777 2444 Volsous
795 2393 897 2446 annexit
914 2393 1032 2458 Ortyps'a3
1049 2393 1150 2458 Ortygia

47 2475 115 2526 onim
132 2475 201 2523 vetus
217 2476 268 2524 orat
283 2489 368 2524 nomen
384 2475 485 2541 Ephesi,
504 2477 540 2525 oui
559 2475 646 2526 ricinus
663 2477 762 2541 Cayster
775 2476 878 2542 profluit.
901 2476 1020 2543 Hauptius
1033 2476 1150 2540 eleganter

48 2556 161 2625 reposuit
176 2558 212 2606 Et
227 2557 250 2607 si
266 2573 314 2622 qua
332 2556 435 2622 Ortypr'a
451 2562 476 2608 at
491 2557 590 2608 mnodo
606 2563 642 2608 est
659 2560 702 2608 ete.
728 2557 753 2609 si
771 2557 815 2608 tibi
832 2561 888 2610 sunt
901 2557 995 2608 visenda
1006 2557 1112 2626 Ephesus
1126 2563 1150 2608 et

47 2656 92 2692 ora
110 2638 216 2705 Caystri.

82 2733 127 2782 22.
163 2733 236 2782 Gran.
257 2733 281 2781 et
303 2731 378 2798 Neap.
401 2736 516 2797 temperat
532 2732 578 2782 tra.
614 2732 733 2784 Leidensis
749 2733 791 2792 11,
812 2731 937 2783 Vaticanus
955 2729 977 2778 V
995 2734 1018 2782 at
1035 2729 1073 2780 alii
1090 2733 1147 2780 teas·

45 2819 121 2883 perat
137 2814 191 2864 illa.
225 2813 267 2864 Ira
283 2816 357 2866 oessat
372 2813 398 2863 in
414 2815 503 2866 hostem
521 2814 646 2866 desistam.

82 2906 126 2956 23.
163 2903 295 2954 Clitumnus
310 2903 421 2955 nimirum
431 2904 498 2972 fluit.

83 2994 128 3045 26.
163 2995 236 3044 Gran.
253 2992 313 3043 socii
327 2993 477 3044 Nemorensis
494 2998 518 3044 et
534 2994 608 3044 ando.
640 2995 716 3060 Neap.
732 2993 793 3044 socii
809 2993 839 3042 ab
856 2993 930 3045 uado.
962 2990 1060 3042 Puooius
1075 2989 1150 3041 soom.

49 3076 179 3144 Scriptura
196 3077 269 3124 Grau.
286 3074 362 3140 magis
378 3075 467 3140 planet,
485 3079 583 3142 propter
600 3075 786 3140 conjunctionem
802 3079 827 3124 et
844 3075 917 3124 sado.

84 3165 129 3214 28.
164 3163 237 3213 Codd.
249 3164 309 3231 fluit
326 3165 400 3214 uodo.
427 3153 530 3230 Scaliger
543 3181 570 3216 ex
586 3182 628 3216 suo
643 3165 700 3215 Cod.
716 3153 809 3232 scripsit
816 3165 887 3230 sarit
900 3163 978 3222 unda,
992 3161 1053 3227 quod
1065 3161 1151 3228 reaepi.

84 3255 129 3304 37.
163 3253 328 3320 Artorsaaqoe
340 3271 421 3305 cruces
435 3255 499 3306 Sinis
512 3255 558 3320 (vel
572 3256 657 3318 Scinio)
671 3261 696 3306 et
707 3271 756 3306 non
769 3255 864 3320 hospita
882 3253 975 3319 Grajs'a:
993 3251 1027 3302 ita
1040 3252 1151 3302 editiones

51 3353 151 3395 omnes3
180 3335 221 3387 nbi
246 3337 344 3388 verbum
370 3337 527 3398 desideratur,
554 3339 608 3403 quia
632 3337 762 3405 propositio
788 3337 838 3403 regi
863 3336 944 3402 nequit
969 3349 983 3384 a
1007 3350 1050 3385 neo
1074 3335 1152 3386 oola&

51 3436 157 3472 servaro
176 3437 200 3470 v.
218 3418 266 3481 35,
285 3423 309 3470 et
325 3420 411 3470 durum
428 3423 463 3470 est
479 3423 558 3472 mento
574 3420 657 3470 addere
668 3425 794 3488 praetmo
811 3419 848 3472 sel
864 3434 911 3470 soa
929 3418 1007 3470 habet.
1040 3415 1152 3468 Arbitror

53 3502 168 3553 mondum
183 3500 257 3552 latere
273 3501 297 3551 in
314 3502 394 3562 Sinis,
411 3518 496 3552 nomen
514 3502 612 3553 latronis
629 3503 748 3553 Corinthii
765 3519 779 3552 a
795 3503 883 3554 Theseo
900 3499 999 3562 sublati,
1016 3497 1077 3564 quod
1092 3497 1152 3547 nulii

53 3586 154 3636 Codices
179 3584 295 3636 exhibent.
330 3585 363 3634 nt
388 3600 468 3652 reapse
493 3601 546 3635 sum
571 3588 640 3652 poeta
666 3586 729 3635 Sinis
753 3585 909 3635 immanitates
934 3581 1023 3633 dnobus
1048 3580 1152 3632 amnibus

53 3667 183 3728 describat,
201 3684 254 3718 eum
271 3667 392 3718 nominare
407 3668 470 3718 hand
483 3666 590 3732 juvabat.
622 3667 700 3720 &isis
717 3667 830 3719 Beroaldo
846 3665 953 3726 debetur,
971 3664 1032 3732 qnod
1048 3678 1151 3714 eommu-

53 3753 133 3806 tatum
154 3750 202 3804 fuit
222 3751 248 3800 in
270 3750 351 3810 ninia·
373 3751 411 3800 sed
435 3752 508 3802 Gran.
530 3753 554 3801 st
570 3750 729 3804 Mentelianus
746 3751 827 3810 Sosin
844 3750 919 3820 Neap.
935 3747 998 3801 roais
1015 3749 1039 3800 et
1054 3745 1154 3798 samnda
