2624 4398
569 369 606 432 'li

155 551 222 613 Nec
242 566 358 626 semper
379 546 531 609 nobiscum
550 546 681 606 hnmana
701 544 812 606 cubilia
831 543 927 624 vises,

197 653 332 714 Romana
352 650 528 711 accumbens
547 648 644 726 prima
662 648 764 726 puella
784 648 862 710 Jori.

156 753 223 814 Hac
243 771 298 831 ego
318 770 396 814 nunc
415 752 505 813 mirer
524 751 551 812 si
571 750 677 828 flagret
696 755 796 812 nostra
817 749 980 830 iuventus?
1094 747 1134 808 45

198 857 354 919 Pulchriua
374 856 431 917 hac
449 854 562 934 firerat,
582 855 694 933 Troia,
715 854 812 932 perire
833 854 897 915 tibi.

157 963 237 1028 Olim
258 964 405 1042 mirabar,
426 960 505 1038 quod
525 958 601 1019 tanti
622 957 661 1018 ad
681 958 828 1034 Pergama
847 957 919 1019 belli

197 1070 335 1147 Europae
356 1071 445 1144 atque
467 1064 558 1126 Asiae
578 1080 668 1124 cansa
688 1064 789 1140 puella
807 1062 882 1125 fuit:

157 1173 260 1251 Nunc,
281 1169 367 1250 Pari,
388 1173 421 1230 55
441 1167 559 1244 sapiens
580 1170 611 1226 et
631 1169 683 1244 tu,
703 1165 855 1244 Menelao,
876 1163 1027 1245 inisti,—

200 1276 248 1335 'liu
268 1274 340 1351 quia
359 1272 519 1351 poscebas,
540 1273 573 1330 55
593 1269 664 1346 qnia
684 1269 782 1330 lentus
803 1287 878 1330 eras.
1098 1267 1139 1328 50

158 1379 259 1456 Digna
278 1377 399 1455 quidem
419 1376 530 1453 facies,
550 1392 603 1452 pro
624 1391 684 1450 qua
702 1375 753 1434 rel
773 1373 868 1434 obiret
887 1371 1036 1452 Achilles3

199 1484 258 1544 Vel
276 1483 395 1543 Priamo
413 1481 486 1542 belli
507 1497 597 1540 causa
616 1477 768 1556 probanda
788 1475 853 1539 fnit.

159 1585 193 1648 Si
212 1585 280 1663 quia
300 1585 365 1645 vult
384 1583 464 1644 fama
483 1583 599 1644 tabulas
621 1581 734 1641 anteire
753 1583 904 1658 vetustas,

199 1689 258 1749 Hic
278 1687 425 1748 dominam
446 1686 581 1763 exemplo
601 1688 692 1762 ponat
712 1684 743 1743 in
764 1687 827 1743 arte
847 1699 954 1743 meam.

161 1789 230 1853 Sive
251 1789 334 1849 illam
354 1787 524 1867 Hesperiis,
545 1787 608 1848 sive
630 1787 712 1846 illam
732 1785 869 1848 ostendet
888 1782 977 1863 Eois,
1097 1779 1138 1844 55

200 1893 275 1954 Uret
296 1896 326 1954 et
342 1890 436 1972 Eoos,
457 1894 525 1952 uret
546 1894 576 1950 et
596 1890 765 1968 Hesperios.

69 2075 113 2126 12.
148 2074 222 2125 Gron.
247 2075 340 2141 ipsoro
365 2076 441 2142 Neap.
466 2075 564 2140 ipnoro,
590 2073 629 2124 cui
654 2073 839 2140 superscriptam
857 2075 892 2122 est
908 2073 947 2122 cel
960 2085 1016 2130 sco‚·
1039 2069 1140 2121 Puociua

34 2154 142 2219 ipnosco.
158 2156 246 2207 Veram
260 2162 317 2223 puto
333 2159 483 2224 Neapolitani
499 2157 675 2208 correctionem.
698 2158 746 2207 Our
760 2158 818 2207 haec
829 2157 856 2206 irc
865 2155 1140 2222 cmissacieshamace

34 2239 171 2289 moratur?
195 2240 288 2304 quaerit
312 2243 393 2306 55555;
416 2241 541 2306 luppiter!
566 2256 616 2290 eam
641 2238 755 2306 aspiciens
778 2243 802 2288 55
823 2239 955 2304 deperiens,
977 2238 1073 2303 ignosco
1097 2234 1141 2286 tibi

37 2321 141 2386 pristina
156 2321 198 2372 illa
212 2326 255 2372 tua
268 2323 332 2372 lurta
346 2323 488 2388 (Europam,
503 2322 589 2381 Inum,
605 2322 674 2381 Ium,
687 2325 741 2383 etc.)
760 2321 808 2385 Qui
823 2321 907 2385 s'pnoro
920 2321 1016 2385 legunt,
1025 2319 1140 2368 itainter·

37 2408 178 2466 prestantur:
204 2404 305 2471 pristina
328 2403 370 2454 illa
394 2405 458 2454 furta
471 2408 521 2468 Ι555
536 2404 605 2454 nihili
621 2404 693 2462 lscio;
712 2403 828 2468 Cynthiae
845 2403 906 2453 enirn
923 2419 1004 2454 omncs
1020 2401 1140 2460 heroides,

39 2502 98 2550 quas
115 2487 214 2547 amasti,
232 2487 406 2554 pulchritudine
423 2487 516 2538 cedunt.

75 2589 115 2639 14.
157 2590 202 2641 Vel
215 2592 274 2642 Iaca
289 2591 363 2657 depae
379 2606 447 2641 soror
464 2607 518 2640 curn
535 2592 671 2641 Burmanno
688 2592 716 2640 de
732 2591 827 2640 Junone
840 2590 957 2655 intellig03
977 2588 1141 2638 Lachmannus

41 2674 137 2732 eontra,
153 2672 239 2722 acriter
253 2674 370 2724 Batavum
383 2673 520 2740 increpans,
535 2673 640 2740 exponit:
659 2670 1142 2738 dignaqnamsororemhabeatluppiter.

76 2779 120 2840 1⁷,
141 2779 181 2830 18.
210 2780 288 2830 Locus
310 2780 483 2830 erratissimus.
509 2781 582 2830 Gron.
606 2779 725 2830 Mercurio
742 2785 766 2830 et
781 2780 856 2838 sotis;
873 2779 1045 2837 Mentelianua‚
1064 2775 1140 2826 Hein·
1184 2771 1186 2774 ’

42 2859 120 2911 sianus
137 2865 161 2912 55
178 2864 253 2928 Rheg.
271 2868 294 2912 et
310 2863 414 2920 5555555ς
433 2861 571 2911 Dresdensis
587 2867 612 2912 et
627 2867 732 2912 sanctus.
754 2863 873 2912 Domitius
892 2861 1042 2919 Calderinns,
1060 2858 1142 2908 deinde

43 2939 143 2993 Paccius
167 2946 191 2992 55
215 2944 344 2994 Beroaldus
365 2933 510 3011 scripserunt
533 2945 600 3004 Scir,
624 2944 758 2994 Minervam
778 2943 935 3008 intelligentes
958 2957 1017 3008 qnae
1039 2941 1064 2989 iu
1084 2939 1143 2989 urbe

43 3024 82 3072 Sei
111 3024 239 3076 colebatur.
273 3026 319 3076 Sed
350 3027 437 3076 Pallas
463 3025 515 3090 jam
545 3026 680 3076 nominatur
710 3041 779 3076 versu
813 3026 844 3073 15
875 3025 981 3091 proxime
1006 3021 1142 3088 superiore;

44 3103 138 3172 insuper
153 3105 341 3173 implicatissima
358 3110 435 3159 evadit
452 3109 565 3159 orationis
582 3113 710 3160 strumum.
736 3109 767 3158 In
783 3108 873 3158 minore
890 3121 959 3157 versu
975 3105 1048 3154 Codri.
1062 3117 1143 3154 omnes

44 3187 175 3254 rr'rpr'neunc
190 3190 278 3256 primo.
305 3191 426 3256 Lirinejus
449 3192 553 3242 correxit
577 3191 675 3251 Brimo,
696 3191 721 3240 id
743 3194 780 3240 est
796 3188 949 3254 Proserpina;
967 3189 991 3236 55
1007 3184 1098 3236 sanctia
1114 3199 1143 3234 ex

45 3271 188 3323 Mcnteliano
212 3271 309 3340 recepit.
343 3275 433 3324 Verum
455 3272 535 3324 fabula
557 3278 638 3324 narrat
659 3273 806 3323 'Mercurium
823 3270 978 3336 Proserpinae
995 3283 1074 3317 amore
1091 3282 1143 3316 cor·

46 3359 138 3421 reptnm
161 3371 212 3405 eam
233 3371 276 3422 per
298 3357 348 3406 vim
372 3357 495 3422 complecti
512 3357 624 3415 voluisse,
641 3356 801 3420 virginemque
816 3353 841 3402 in
857 3368 911 3401 eum
928 3351 961 3400 sic
978 3349 1099 3400 iremuisse
1116 3350 1145 3398 ut

47 3437 74 3487 ab
90 3438 185 3504 incepto
202 3439 332 3489 desisteret.
350 3439 441 3488 Cereris
459 3438 533 3504 igitur
549 3437 598 3487 filia
611 3437 715 3487 molliter
728 3436 791 3486 latus
807 3434 928 3484 Mercurio
943 3449 991 3482 non
1006 3432 1144 3498 composuit.

47 3521 127 3586 Neque
143 3521 287 3587 comperitur
303 3503 358 3570 sarri
371 3521 503 3580 Boebeida,
520 3519 651 3570 Thessaliae
667 3520 759 3578 lecum,
776 3517 967 3583 frequentauisse.
992 3515 1028 3566 Ex
1046 3515 1143 3564 adverso

48 3607 137 3655 constat
153 3604 274 3655 Palladem
290 3603 410 3653 Mercurio
426 3602 542 3653 immitem
558 3618 605 3652 555
622 3602 706 3660 fuisse,
723 3604 757 3661 et,
772 3604 831 3650 teste
844 3599 962 3658 Hesiodo,
972 3599 1046 3664 pedes
1061 3599 1146 3647 cacare

49 3685 177 3738 Boebeidos
198 3685 278 3736 55555.
311 3684 475 3750 Tautologiam
497 3687 584 3734 Pallas
605 3687 628 3734 55
650 3683 704 3733 aaa
727 3687 751 3733 et
766 3683 849 3732 duram
867 3681 992 3732 verborum
1005 3681 1143 3745 juncturam

49 3769 109 3820 tollit
122 3769 241 3837 scriptura
255 3767 329 3821 Oodd.
344 3767 512 3829 Bononiensis,
527 3767 636 3819 Vaticani
649 3766 664 3816 I
677 3769 701 3817 55
716 3765 847 3817 Gelotiani:
863 3769 888 3815 et
902 3763 989 3830 55555.
1005 3759 1144 3828 Propertius
