2640 4400
335 799 593 889 GONSPEOE'US
627 805 873 892 TEMPORUM

86 1051 204 1111 QUIBUS
231 1051 439 1104 rnoruurlus
463 1053 570 1119 717777,
596 1055 725 1108 uuicos
749 1057 900 1110 scnieslr
925 1060 968 1110 ΕΤ
993 1060 1119 1111 zuruli.

516 1332 530 1336 ..
546 1331 597 1338 ...ψ
604 1333 644 1338 ...-
650 1333 706 1340 .--..

60 1470 82 1524 h.
110 1511 117 1524 .
144 1511 150 1524 .

77 1470 142 1615 'thie
165 1579 202 1606 e—
225 1558 391 1634 Propertius
412 1558 542 1620 uescitur
563 1560 593 1620 in
615 1558 745 1620 Umbria.
767 1592 808 1603 -
831 1557 946 1620 heliam
963 1560 1146 1622 Perusinum.

77 1661 142 1719 720.
161 1693 203 1705 -
224 1657 363 1722 Horatius
383 1661 441 1722 edit
464 1660 635 1722 Sermonum
655 1660 775 1721 Librum
796 1660 819 1722 1.

77 1765 142 1823 723.
162 1796 203 1808 -
225 1763 330 1841 Pnpno
351 1764 477 1825 Artiaca.

77 1867 142 1926 726.
163 1899 200 1910 -
228 1866 375 1937 Quaedam
401 1868 436 1927 de
461 1868 635 1928 maritandis
663 1866 813 1927 ordinibus
837 1865 971 1927 Octauius
989 1871 1143 1944 procurem

224 1970 352 2048 Apollini
372 1971 404 2031 in
425 1972 541 2032 Palatio
563 1973 701 2051 templum
723 1971 855 2048 dedicat,
878 1970 926 2030 cui
943 1976 1057 2048 postero
1075 1975 1144 2028 tem·

222 2091 291 2150 pore
312 2074 513 2135 bibliothecam
534 2075 654 2136 addidit.
679 2113 681 2118 .

76 2179 140 2237 727.
161 2210 201 2221 -
225 2176 358 2236 Octauius
380 2177 503 2255 Aupnsti
523 2178 638 2237 nomine
660 2195 678 2238 a
704 2177 813 2238 Senatu
835 2177 969 2236 donentur.

76 2281 141 2341 728.
161 2314 202 2326 -
225 2279 374 2340 Cornelius
394 2280 512 2360 Gallus,
531 2280 647 2359 primns
668 2281 741 2340 serie
763 2280 898 2359 temporis
916 2287 1001 2358 poeta
1022 2279 1144 2340 metiens

223 2382 385 2462 Romanos,
406 2389 494 2443 semet
514 2383 665 2444 interimit.

76 2488 141 2546 729.
163 2521 200 2529 -
222 2485 391 2564 Propertius
415 2491 515 2563 togam
540 2486 657 2547 virilem
683 2488 781 2547 sumit.
806 2520 847 2531 —
873 2486 972 2546 Aelius
996 2485 1098 2546 Gothus
1119 2492 1146 2545 et

224 2589 378 2649 Petronius
395 2588 502 2650 heiinm
520 2594 621 2648 eontra
640 2588 779 2649 Arabiam
796 2594 823 2647 ot
841 2587 1022 2666 Aethiopiam
1032 2594 1145 2665 perunt.

77 2693 140 2752 730.
162 2727 202 2739 -
223 2692 393 2769 Propertius
420 2693 452 2751 in
477 2693 641 2770 Lycinnam
668 2692 780 2753 incidit.
807 2726 847 2738 -
874 2691 1019 2751 Phraates
1040 2690 1144 2751 iterum

220 2794 305 2872 pellit
327 2793 485 2855 Tiridatem
507 2813 521 2854 e
542 2812 627 2871 repno
650 2793 828 2855 Parthorum
835 2815 846 2863 ,·
864 2794 910 2854 hic
927 2793 965 2853 ad
984 2792 1145 2870 Anpustnm

223 2897 364 2977 consopit.

78 3001 141 3060 731.
162 3035 203 3046 -
224 3001 368 3077 Propertii
400 3001 497 3076 elegia
527 3001 558 3060 in
589 3003 712 3061 mortem
742 2999 884 3060 Marcelli.
923 3033 959 3041 -—
998 2997 1145 3075 Aupnstns

224 3108 344 3163 cemento
365 3121 440 3163 onero
462 3102 587 3180 captiuos
607 3121 742 3163 romanos
764 3109 791 3162 et
812 3102 896 3180 sipno
919 3099 1017 3160 drussi
1034 3118 1052 3160 a
1071 3099 1144 3160 Par·

223 3205 282 3266 this
301 3206 412 3285 repetit.

79 3309 141 3369 732.
163 3343 201 3352 -
222 3309 368 3386 Propertii
393 3327 522 3370 umorum
550 3325 616 3369 cum
642 3307 772 3386 Cynthia
797 3307 926 3387 initium3
954 3306 1042 3384 primi
1066 3306 1143 3381 elegi

223 3412 365 3474 emeterii.
401 3447 435 3454 -
469 3411 620 3491 Aethiopes
647 3411 741 3490 caesi,
768 3431 865 3472 eorum
893 3418 971 3472 terro
992 3407 1144 3487 praesidiis

222 3522 369 3595 occupata.

81 3617 142 3681 733.
161 3655 202 3667 -
222 3620 286 3681 Hoc
304 3637 379 3680 enno
395 3623 521 3680 exeunte
542 3619 663 3680 Praetor
683 3617 802 3694 quidem
824 3635 862 3678 ex
881 3617 973 3694 Hyrie
992 3633 1141 3692 reversus,

223 3722 352 3800 Cynthia
368 3723 455 3784 facile
470 3723 589 3801 potitur.
610 3722 780 3800 Propertius
792 3721 970 3799 excluditur3
988 3717 1142 3780 Graeciam
