2624 4398
571 299 627 359 121

173 470 253 546 Quin
273 471 379 551 etlam,
400 471 597 552 Polypheme,
617 471 681 533 iera
699 469 827 534 Gmtea
846 473 902 536 cub
921 473 1019 538 Aetna
1104 477 1144 538 45

213 570 261 633 dd
282 577 334 636 toa
352 578 486 636 rorantes
505 574 637 638 carmina
655 575 739 640 flexit
759 591 860 652 eqnoe.

172 675 328 756 Miremur,
348 677 433 740 nobie
454 683 485 739 et
504 678 621 742 Baccho
641 683 672 741 et
692 669 830 758 Apolline
851 680 971 762 dextro,

212 779 314 842 'Purba
333 782 498 860 puellarum
518 783 546 844 ai
566 800 633 846 mea
652 783 744 846 verba
764 783 859 848 colit?

172 881 258 957 Quod
278 900 337 944 non
357 884 515 946 Taenariis
535 883 639 947 domne
658 888 706 946 eet
724 884 799 946 mihi
819 885 895 948 fulta
914 888 1072 969 columnis,

210 985 275 1047 Nec
295 1003 412 1048 camera
431 992 550 1050 curatae
571 987 648 1049 inter
668 969 780 1050 eburna
799 990 915 1071 trabes,
1102 991 1143 1056 50

172 1090 236 1152 Nec
256 1108 322 1152 mea
341 1090 493 1154 Phaeacas
513 1097 642 1171 aequant
661 1093 794 1171 pomaria
813 1094 922 1174 silvae,

209 1193 277 1256 Non
296 1210 420 1272 operosa
438 1195 517 1272 rigat
536 1196 664 1258 Marcius
684 1215 756 1258 arva
775 1197 888 1274 liquor:

171 1295 212 1358 At
231 1297 334 1358 Maece
353 1298 475 1360 comites
495 1302 526 1361 et
545 1299 677 1362 carmina
695 1317 765 1361 cara
784 1300 896 1380 legenti

209 1399 249 1461 nt
269 1399 386 1462 defessa
405 1400 503 1464 choris
522 1399 674 1481 Oalliopea
693 1403 777 1465 moia.

169 1504 347 1584 Fortunata,
367 1522 433 1567 meo
453 1504 479 1566 ei
499 1523 559 1583 qna
578 1511 625 1569 est
644 1508 793 1570 celebrata
812 1508 930 1571 libellol
1100 1511 1139 1573 55

209 1606 348 1674 emmim
368 1614 454 1674 erunt
473 1610 584 1673 formae
605 1614 648 1673 tot
668 1616 856 1674 monomenta
875 1617 954 1676 tuae.

168 1711 246 1773 Nam
266 1730 363 1790 neque
383 1713 574 1790 Pyramidum
594 1719 728 1792 comptus
748 1715 787 1776 ad
807 1715 908 1778 sidera
926 1716 1006 1780 dcco

206 1816 271 1876 Neo
289 1815 373 1878 Jovie
393 1816 461 1878 nlei
481 1819 594 1878 eoelum
613 1818 729 1880 imitata
748 1816 868 1900 domne,

168 1918 232 1980 Nec
251 1920 395 1982 Mausolei
416 1920 500 1982 dives
519 1920 637 1984 fortuna
656 1922 784 2000 sepulcri

206 2022 311 2085 Mortis
330 2023 369 2084 cb
389 2027 521 2086 extrema
540 2024 706 2087 conditione
726 2030 842 2087 vacant.
1099 2029 1140 2089 60

168 2124 230 2187 Aut
250 2126 311 2190 illie
330 2125 463 2208 flemma,
484 2132 536 2192 cut
556 2128 650 2192 imber
669 2129 813 2192 subducet
833 2127 973 2209 honores,

208 2229 359 2291 Annorum
379 2234 431 2290 aut
450 2230 511 2291 ictu
528 2231 659 2308 pondera
678 2232 758 2293 victa
777 2236 872 2293 ruent.

169 2335 211 2396 Ac
230 2352 288 2396 non
308 2334 426 2413 iugenio
446 2335 613 2412 quaesitum
632 2352 738 2397 nomen
758 2334 797 2397 ab
816 2352 890 2396 aevo

208 2438 350 2501 Excidet:
370 2437 489 2516 ingenio
509 2441 568 2500 ebat
588 2438 653 2500 eine
673 2442 765 2500 morte
785 2438 885 2500 decue.

98 2591 122 2640 l.
155 2590 231 2640 Sacra
256 2587 339 2638 critici
363 2589 548 2654 interpretantur
574 2592 730 2655 npoematnm
757 2602 903 2638 communem
919 2587 995 2654 poetic
1011 2587 1139 2647 cutum·;

41 2672 84 2723 vel
107 2670 213 2722 Phileiae
233 2686 327 2729 manem
350 2670 388 2722 vel
410 2671 549 2729 neoterium,
573 2671 687 2738 templum
711 2669 816 2721 Philotae
838 2670 944 2721 manibus
961 2670 1076 2731 domm,
1093 2675 1139 2724 etc.

41 2756 99 2819 Ego
115 2770 183 2805 vero:
200 2755 277 2821 ipeam
294 2769 384 2804 sacram
400 2756 474 2803 artem
490 2754 606 2820 poeiieam
623 2753 742 2814 Philotae,
758 2769 824 2804 caera
840 2770 920 2804 murce
934 2753 1050 2804 Philotae:
1069 2753 1139 2819 Virg.

47 2839 126 2902 Georp
146 2836 187 2886 II:
213 2836 255 2886 Mc
275 2852 355 2887 oerum
373 2836 475 2900 primun
497 2837 578 2888 dulces
594 2842 651 2888 onte
667 2837 747 2887 omnia
763 2853 859 2897 mae,
878 2837 984 2902 Qucum
1001 2852 1068 2888 encra
1076 2838 1138 2904 soro

42 2919 139 2985 inpendi
151 2933 276 2985 peream
292 2935 380 2971 amore.

98 3009 123 3059 2.
154 3009 249 3060 Nemee.
275 3008 390 3059 Horatiua
408 3009 487 3060 Cam.
507 3007 651 3068 111,4zet
663 3008 718 3074 pico
735 3024 818 3060 erracc
829 3025 876 3075 per
892 3011 959 3064 locos
976 3013 1021 3061 etc.

98 3099 122 3148 4.
155 3099 227 3149 Perre
249 3100 332 3150 ohoroa
354 3099 438 3164 Grajos
460 3115 501 3166 per
524 3098 587 3151 Itala
609 3100 683 3166 orgia
705 3099 939 3160 Hor.carn.111‚
960 3100 1006 3152 3οι
1028 3099 1138 3152 Aeolicam

45 3198 142 3234 omen
161 3183 198 3232 ad
217 3183 295 3233 Ilalcc
317 3182 442 3234 dedooiece
464 3182 551 3233 modos.
578 3181 663 3232 Iibaro
685 3197 758 3248 aeque
773 3197 800 3232 ac
816 3181 921 3249 Apollini
938 3187 962 3234 ai
977 3182 1055 3233 Mucio
1072 3183 1138 3249 orgia

46 3264 188 3317 tribunum.
1075 3279 1079 3294 ¹

99 3355 122 3406 b.
155 3357 256 3406 Carmen
280 3357 403 3408 emacim
429 3356 508 3422 Elegi,
534 3355 635 3406 heroicis
660 3354 800 3406 carminibus
826 3356 965 3423 compared,
990 3356 1088 3424 graciles
1112 3362 1138 3410 et

48 3443 127 3489 tenues
148 3438 264 3488 dicuntur.
297 3439 342 3488 Sed
363 3439 402 3488 hic
425 3443 537 3499 cenum,
559 3439 579 3489 ei
602 3443 665 3488 recte
682 3440 770 3499 centio,
787 3438 858 3489 hebet
873 3439 992 3492 interioria
1009 3439 1136 3507 elegantiae

48 3521 106 3570 vim.
137 3519 174 3570 nl.
200 3521 252 3570 v11
278 3521 380 3588 subseq:
403 3523 551 3586 Arqumeata
575 3520 650 3586 Μία
666 3526 723 3572 cuni
739 3521 858 3574 Mentoris
874 3521 961 3572 addita
970 3523 1083 3588 formae,
1101 3523 1136 3575 At

49 3605 118 3670 Myce
131 3605 240 3670 empnam
251 3605 331 3672 flectit
346 3606 465 3656 acontiae
480 3605 535 3656 iter.

83 3694 121 3746 10.
151 3694 175 3745 A
198 3711 235 3746 mc
254 3700 314 3746 nata
337 3693 424 3752 Mora,-
445 3710 493 3746 non
516 3708 600 3762 perena
617 3693 711 3759 lllegiac
731 3695 849 3746 Romanae
865 3693 911 3745 inii
927 3694 1077 3762 Propertius,
1095 3694 1135 3745 ced
