2640 4400
1068 372 1135 422 1111

49 553 157 614 quoque
174 534 315 597 blevania
330 532 491 611 praebebit.
518 529 584 606 Quo
602 529 633 590 in
651 530 757 608 oppido
775 530 842 592 Sex.
860 529 1011 594 Aurelium
1026 533 1135 610 primos

48 641 172 703 edidisse
192 639 310 716 vagitus
327 636 395 698 aliis
412 652 543 698 asserere
563 635 668 715 lieest3
686 634 787 714 nobis,
805 635 843 696 de
864 635 930 712 ipsa
949 636 993 696 rei
1010 637 1135 697 veritate

47 764 100 806 non
119 746 187 824 plus
214 742 304 805 nimio
331 740 444 818 anxiis,
472 743 519 800 sat
546 740 603 800 erit
630 739 771 801 Umbrum
803 739 893 819 seire,
920 743 1077 815 natumque
1106 739 1135 797 in

46 848 151 926 oppido
170 847 220 907 vel
239 864 315 924 pago
337 844 429 921 ignoti
450 843 577 904 nominis
598 841 677 904 baud
698 845 785 919 longe
805 843 928 904 Perusia
943 843 966 904 ¹.

84 953 164 1014 Gens
179 950 302 1013 Aurelia
316 949 536 1027 antiquissime,
548 949 579 1008 in
589 947 704 1028 Cottas,
717 947 836 1010 Orestas
847 953 877 1009 et
888 948 1011 1010 Seauros
1022 947 1134 1009 divide-

46 1057 145 1136 batur,
162 1055 202 1116 nd
218 1073 292 1132 quas
309 1059 408 1116 temen
425 1053 554 1114 illustres
572 1051 700 1114 familias
718 1053 887 1130 Propertius
904 1071 962 1114 non
978 1051 1135 1129 pertinuit3

45 1161 101 1222 imo
120 1159 339 1239 Propertiorum
358 1155 486 1235 familia,
509 1155 572 1234 ipso
593 1155 725 1235 dieente,
746 1173 841 1232 neque
863 1157 928 1218 avis
948 1173 1044 1232 neque
1061 1153 1135 1213 divi-

47 1264 94 1323 tiis
115 1263 212 1324 fueret
233 1262 328 1322 elara:

247 1379 333 1446 Aspice
348 1395 397 1436 me,
415 1377 452 1426 eui
469 1392 542 1443 perra
557 1376 620 1426 domi
636 1377 731 1426 femena
747 1377 828 1426 relietn
844 1380 892 1435 est,

281 1459 369 1510 Nullus
386 1463 409 1509 et
425 1460 522 1525 entique
538 1459 618 1510 Marte
634 1459 769 1526 triumphus
785 1459 830 1508 ari.
848 1457 909 1522 (Lib.
927 1461 976 1508 See.
991 1458 1028 1508 bll.
1038 1460 1138 1520 lllllll.)

247 1543 329 1592 Certus
346 1557 396 1591 eres
412 1541 458 1590 heu
474 1540 534 1599 hen,
551 1541 656 1605 quamvis
674 1557 715 1590 nee
733 1541 843 1605 sanguine
859 1541 921 1591 avito

278 1622 384 1683 Nobilis,
401 1627 425 1672 et
441 1622 549 1687 quemvis
565 1637 611 1671 non
628 1622 662 1672 ita
678 1621 742 1672 dives
759 1638 817 1672 erus.
836 1621 897 1685 (Lib.
916 1623 989 1672 Prim.
1007 1622 1044 1672 ui
1063 1623 1117 1684 x1.)

46 1741 188 1821 Majorem
216 1738 305 1800 etiam
332 1735 443 1796 habent
470 1734 714 1813 significationem
742 1736 824 1797 lulli
844 1737 936 1796 verbs
956 1736 1138 1814 Pr0pertium

46 1841 240 1920 soiseitnntis,
262 1839 357 1920 quotis
378 1845 405 1898 et
426 1839 501 1898 unde
521 1858 611 1916 perus
629 1845 656 1899 et
674 1838 723 1918 qui
741 1839 799 1898 sin-t
815 1838 861 1898 illi
876 1845 1003 1916 penates.
1023 1838 1140 1898 Nobilis

1 2021 2 2024 Ἴ
47 1947 197 2006 Romanus
224 1943 376 2005 insolentis
406 1943 566 2019 rogationis
594 1943 785 2003 abstinuisset
809 1943 840 2002 in
861 1959 928 2003 eum
949 1942 1000 2018 qui
1021 1959 1140 2002 avorum

47 2047 225 2124 imaginibus
246 2047 399 2108 decoratus
419 2045 538 2125 lirisset3
567 2063 662 2122 neque
682 2045 867 2124 Propertius,
897 2046 925 2106 ei
945 2045 1140 2124 respondens,

48 2151 186 2228 diemque
213 2151 366 2225 lorumque
393 2149 522 2208 natalem
550 2149 742 2227 declarando,
769 2167 861 2226 genus
888 2148 1142 2227 praetermisisset.

48 2251 151 2313 Nihilo
178 2252 275 2312 senius
302 2250 444 2327 Vulpius:
475 2250 671 2328 „Goojerturn
701 2270 761 2312 esse
788 2252 916 2332 uidetur,
937 2252 1061 2328 majores
1082 2252 1142 2328 ejus

49 2375 106 2415 noo
124 2355 204 2414 eluro
223 2354 331 2432 solum,
351 2354 416 2432 sed,
434 2353 460 2412 si
478 2353 534 2413 diis
549 2354 661 2434 ploret,
680 2374 780 2432 repom
799 2354 989 2415 Etruseorum
1004 2354 1143 2432 sanquine

49 2456 242 2534 penerotos,''
263 2457 334 2532 quia
355 2455 475 2516 Servius
497 2457 528 2517 in
549 2456 675 2533 Virgilio
692 2458 876 2534 Propertium
894 2457 1049 2535 quemdam
1067 2457 1143 2516 Tus·

49 2579 149 2622 oornm
168 2576 268 2635 regem
287 2558 387 2620 nomin
406 2564 426 2618 t.

88 2663 209 2723 Patrem
224 2664 327 2722 tenera
342 2665 440 2722 aetate
459 2660 593 2723 amisisse
610 2662 728 2724 videtur
745 2666 773 2742 ²3
793 2669 885 2725 mater
900 2665 974 2725 obiit
984 2670 1142 2740 antequam

87 2860 96 2884 ¹
137 2847 305 2915 Inscriptiones
321 2848 438 2898 Assisinas
460 2847 531 2898 edidit
550 2849 729 2900 Gemmnrrinus
748 2847 773 2901 in
793 2849 901 2901 Historia
913 2848 1063 2914 emedogica
1076 2845 1143 2900 nobi·

50 2930 109 2981 lium
133 2930 231 2981 surdae
253 2932 277 2980 et
292 2928 405 2980 Umbriae
421 2929 572 2980 familiarum.
598 2929 730 2981 Florentiae
747 2931 820 2981 1668.
847 2934 903 2982 Non
918 2932 1011 2982 difficile
1027 2931 1144 2997 explieetn

51 3017 100 3073 est,
123 3027 168 3063 eur
190 3011 274 3062 imisit
294 3011 382 3078 lapides
405 3013 524 3062 extiterint
547 3014 756 3080 Propertinnorum
777 3016 872 3066 uomina
893 3017 918 3066 in
940 3018 1016 3065 ironte
1031 3015 1144 3080 gerentes.

52 3096 144 3146 Plinius
166 3094 200 3144 eit
222 3095 374 3146 Passenuium
397 3095 505 3145 Paullum
528 3111 541 3145 a
563 3097 685 3162 Propertio
707 3113 779 3162 genus
801 3099 905 3156 duxisse;
928 3097 1029 3164 Vulpius
1051 3095 1145 3160 conjicit

52 3179 101 3243 ejus
124 3179 225 3227 matrem
245 3192 273 3226 ex
297 3176 389 3226 Aurelia
411 3177 499 3228 familia
520 3181 596 3228 ortam
613 3182 636 3228 et
652 3179 677 3228 in
694 3180 831 3230 Passennios
848 3183 958 3246 nuptem;
977 3176 1146 3242 Hertsbergius

52 3275 120 3319 vero,
145 3257 262 3308 admenta
283 3259 355 3308 veteri
376 3259 537 3325 inscriptione,
556 3261 666 3326 opinatur
683 3261 830 3327 Propertium
848 3263 969 3320 Blaesum,
986 3262 1038 3310 Sex.
1056 3257 1146 3310 Aurelii

52 3345 174 3408 nepotem,
191 3355 204 3388 a
219 3339 246 3390 C.
260 3340 386 3390 Passennio
400 3340 535 3408 adoptatum
550 3344 632 3402 luisse,
649 3347 672 3393 et
682 3344 745 3394 huno
753 3344 862 3394 Blaesum
870 3343 941 3393 inisse
949 3343 1045 3392 eundem
1053 3345 1146 3408 poetam

52 3422 207 3472 Pessenuium
230 3421 346 3472 Paullum.
373 3423 455 3472 Unum
478 3423 516 3473 rel
538 3424 637 3475 alterurn
659 3442 741 3476 verum
766 3429 839 3492 tinge:
867 3425 960 3475 obvium
984 3425 1028 3474 erit
1044 3424 1146 3490 Proper·

52 3507 97 3556 tios
113 3520 296 3555 commemorare
308 3506 470 3572 inscriptiones
484 3507 580 3566 Assisii‚
596 3507 636 3556 ubi
653 3508 749 3574 adparet
758 3509 896 3558 Pussenuios
912 3508 992 3558 villsrn
1006 3506 1043 3556 rel
1054 3506 1147 3572 praedia

52 3588 169 3639 babuisse.
185 3614 219 3626 -—
237 3588 309 3654 Lapis
324 3587 421 3639 mutilus
439 3605 512 3656 prope
528 3589 843 3640 Meveniaminventushaee
851 3589 1021 3640 tantumverbr
1030 3587 1145 3638 servarit:

54 3669 211 3722 Paormrrrs
231 3682 288 3720 eurr
307 3707 313 3718 .
332 3707 338 3719 .
357 3707 365 3721 .

89 3769 98 3792 ‘¹
137 3757 210 3810 Pater
228 3757 330 3810 creditur
347 3757 457 3830 Sextille
474 3761 624 3828 Propertius,
643 3761 708 3825 eujus
727 3761 808 3826 (libero
826 3762 871 3826 (vel
889 3759 1148 3824 uituperatione
