2624 4398
556 367 614 427 133

153 541 248 602 Prata
267 541 457 601 cruentantur
477 537 581 620 Zethi,
601 540 753 637 victorque
773 543 899 604 canebat
1089 543 1129 606 45
1167 552 1169 558 ’

194 643 317 704 Paeana
336 639 485 718 Amphion
505 659 594 723 rupe,
615 641 803 724 Aracyntho,
822 649 883 708 aaa

79 837 104 888 3.
142 837 217 887 Gran.
231 836 335 895 emicem
351 831 427 903 Neap.
441 835 532 887 amhae
546 853 600 888 cum
615 837 805 905 Haruburgensi,
814 837 1130 891 Dresdansietllenteliano.

32 919 79 984 Qui
102 919 197 970 amata
219 918 301 986 legunt
321 921 354 982 (et
377 917 455 968 cuncti
476 919 567 984 legrmt)
589 919 786 986 interpretantur:
806 925 930 988 postquam
948 920 1002 970 exui
1018 921 1130 986 pudorem

30 1017 75 1050 una
98 1017 158 1052 cum
180 1003 321 1068 praetexta..
342 1001 375 1051 Et
397 1017 471 1067 quum
492 1016 540 1052 non
562 1017 642 1052 omnes
658 1002 752 1053 rideant
768 1003 883 1069 quomodo
894 1003 1012 1069 paderna
1027 1004 1130 1054 alatum

30 1085 120 1136 autem
142 1089 287 1152 praetextae
311 1085 442 1150 significare
456 1079 542 1150 'possit
561 1085 677 1151 pudorem
704 1085 824 1149 absumus
845 1102 894 1136 aaa
916 1101 970 1134 eum
987 1089 1128 1150 pesum,

30 1167 58 1216 ad
81 1167 232 1232 eonjeeturas
254 1166 408 1232 confugiunt,
425 1167 518 1227 eletas,
540 1167 652 1226 ablatas,
675 1167 814 1218 aemesam
830 1165 1130 1234 proponentes.·Fquidem

29 1250 124 1299 celatae
147 1248 303 1316 pulcherrime
325 1249 414 1298 dicmm
436 1251 506 1315 puto,
533 1249 596 1314 quod
618 1250 758 1300 mutantium
781 1249 902 1316 exprimit,
928 1249 984 1297 dum
1002 1248 1130 1298 rmecunds

30 1331 99 1381 velat.
126 1332 150 1381 A
172 1330 329 1398 Neapolitano
349 1333 373 1380 at
391 1329 442 1380 aliis
459 1331 546 1397 recipio
561 1331 660 1381 amum.
695 1331 776 1381 Pudor
791 1346 874 1397 nempe
892 1334 956 1380 amat
971 1333 1129 1397 praetextam,

31 1416 168 1480 praetextae
183 1414 256 1464 farm.
282 1412 382 1464 Ouidius
402 1414 463 1464 raet
480 1413 535 1473 111,
554 1411 615 1464 7782
632 1413 703 1464 metis
719 1427 811 1480 qaoque
826 1413 903 1464 urea
914 1429 960 1480 per
972 1417 996 1464 te
1010 1413 1129 1473 Βηηιϋκν,

31 1501 54 1546 et
70 1497 139 1547 vitae
154 1495 276 1546 mersae
291 1495 346 1546 iter.

64 1599 106 1650 lb.
143 1599 217 1651 Oodd.
234 1605 284 1650 taes
300 1615 354 1651 uero
370 1601 476 1651 mmm.
510 1601 647 1667 Legeudum
664 1617 745 1652 causeo
762 1615 810 1652 soa
825 1616 881 1652 uere
897 1601 1003 1652 muira.

64 1705 175 1756 34-39.
209 1705 263 1756 Hos
279 1721 360 1756 aereus
378 1706 541 1770 (ironinganus
557 1705 592 1756 ita
608 1705 715 1758 exhibet:

299 1789 407 1854 Experto
422 1792 458 1838 eat
473 1788 576 1839 stabulis
593 1795 671 1839 mater
688 1789 775 1841 abacta
790 1791 849 1841 suia.

266 1869 303 1922 Aa
319 1871 393 1921 celati
407 1886 505 1936 asapnos
521 1888 572 1923 caus
585 1877 681 1937 ponant
697 1887 802 1938 aequora
813 1875 917 1942 stactus,

300 1954 382 2004 Eurus
398 1953 425 2002 tn
441 1953 552 2004 measa
569 1952 657 2004 &sinit
673 1953 710 2004 ira
725 1959 807 2014 actos,

267 2034 351 2084 Litore
366 2034 388 2084 η’
404 2035 479 2086 tacito
495 2050 567 2086 sonae
583 2036 686 2087 rarescit
702 2053 805 2094 aarum

300 2116 340 2166 Sic
356 2117 424 2167 eadit
439 2117 528 2184 inflexo
544 2119 611 2167 laesa
621 2119 707 2184 puella
721 2135 792 2184 peaes.

267 2199 327 2248 Sera
343 2204 422 2248 tamen
434 2199 529 2264 pictam·
547 2199 612 2249 aetia
627 2205 663 2250 eat
680 2201 787 2265 coquitur
803 2214 879 2250 error.

66 2281 145 2331 Locus
159 2279 326 2346 agitatissimus
338 2297 412 2348 neque
425 2281 500 2331 adhuc
515 2285 618 2332 sanatus.
640 2282 685 2332 Sed
698 2286 752 2332 ante
766 2282 844 2332 omnia
857 2282 950 2347 paucis,
964 2297 1047 2332 aarum
1059 2282 1129 2349 paulo

35 2363 181 2422 accuratius,
203 2363 319 2429 Antiopae
340 2363 444 2414 tabulam
466 2364 560 2430 expedit
580 2380 683 2416 narrare.
716 2364 829 2431 Antiope,
854 2364 940 2429 Nyctei
962 2363 1024 2424 filia,
1041 2380 1056 2414 a
1071 2365 1130 2416 Iove

36 2458 166 2510 compressa
182 2444 234 2494 fuit.
253 2444 354 2510 Fugiens
370 2447 445 2512 patris
461 2446 533 2506 iram,
550 2447 591 2512 qui
607 2447 740 2506 homiuem,
757 2462 804 2496 non
814 2447 888 2496 Deum
898 2446 1129 2496 criminisauctcrem

35 2522 146 2586 habebat,
165 2525 190 2575 iu
207 2526 378 2592 Cythaeronem
395 2543 420 2577 sa
435 2529 535 2595 recapit,
553 2529 594 2578 ubi
611 2529 703 2596 peperit
719 2529 824 2594 geminos
841 2543 933 2594 pueros.
953 2551 964 2570 a
974 2528 1035 2578 Casu
1049 2527 1129 2577 eodem

36 2604 84 2656 loco
100 2608 145 2671 (ait
162 2607 282 2673 Hyginus)
299 2624 344 2673 quo
361 2608 403 2658 illa
419 2615 567 2676 pervenerat,
584 2610 698 2677 Epaphus
715 2611 837 2676 Sicyonius
855 2609 941 2660 stabat.
965 2610 991 2660 Is
1007 2609 1129 2660 mulierem

36 2690 155 2740 advectam
171 2690 268 2741 domum
283 2691 432 2741 matrimonio
449 2691 494 2742 sibi
506 2692 616 2756 junxit.”
640 2696 747 2759 Nycteus
764 2709 832 2754 aegre
848 2693 873 2742 id
889 2694 965 2742 serens
983 2693 1047 2756 Lyco
1064 2707 1128 2741 com·

36 2770 112 2830 misit,
135 2776 163 2821 ut
182 2771 308 2838 Epaphum
325 2772 473 2822 interficeret.
508 2775 586 2838 Lycus
603 2789 653 2824 rem
670 2775 787 2840 patrarit,
805 2773 968 2840 Antiopeuque
984 2773 1009 2822 iu
1028 2771 1129 2822 vinculis

37 2853 140 2918 conjecit.
174 2855 208 2904 At
229 2854 312 2914 Dirce,
335 2870 395 2905 uxor
411 2855 473 2920 ejus,
498 2856 523 2906 in
546 2857 702 2924 suspicionem
718 2857 801 2907 incidit
817 2858 895 2908 vuum
911 2873 980 2907 sirum
997 2854 1129 2905 clanculum

36 2951 86 2985 curn
107 2936 203 3002 captiua
223 2952 372 2986 consuescere
378 2958 384 2995 ς
407 2954 477 3004 quam
499 2936 529 2988 ob
550 2953 601 2988 rem
620 2939 753 2989 saevissime
770 2955 820 2989 eam
837 2938 993 2989 excruciabat.
1027 2937 1129 3004 Antiope

37 3015 98 3068 Iuris
124 3017 247 3068 voluntate
271 3018 364 3069 vincula
388 3021 470 3086 fregit,
493 3021 624 3087 iterumque
640 3021 669 3070 ad
688 3022 859 3086 Cythaeronem
877 3020 988 3085 confugit.
1023 3019 1128 3080 Gemini,

36 3112 90 3160 quos
117 3099 220 3150 ediderat
244 3103 268 3149 et
292 3098 419 3166 reliquerat
441 3102 467 3151 iu
488 3105 580 3161 monte,
603 3119 618 3151 a
638 3107 732 3168 pastore
753 3103 840 3168 reperti
863 3102 1000 3167 educatique
1021 3101 1128 3160 inerant,

36 3181 121 3231 Zethus
138 3185 162 3232 et
178 3182 281 3248 Amphio
297 3183 423 3234 nominati:
444 3185 563 3234 nDcveuit
577 3184 606 3233 ad
620 3184 681 3234 filios
696 3186 853 3251 (prosequitur
865 3185 999 3250 Hyginus),
1008 3199 1036 3233 ex
1045 3183 1129 3249 quibus

37 3262 134 3323 Zethus,
149 3263 284 3314 existimaus
296 3265 433 3330 fugitivam,
447 3282 493 3316 non
506 3267 600 3333 recepit.
625 3268 655 3316 In
670 3267 767 3317 eundem
780 3268 859 3318 locum
869 3267 937 3316 Dirce
945 3282 987 3333 par
995 3265 1127 3316 bacchatio-

36 3359 86 3394 nem
104 3344 185 3395 Liberi
204 3345 261 3395 illuc
279 3347 354 3396 delata
373 3352 420 3399 est:
438 3348 471 3398 ibi
485 3350 612 3415 Antiopam
625 3353 741 3416 repertam
755 3350 784 3399 ad
798 3353 899 3399 mortem
913 3345 1058 3398 extrahebat.
1083 3347 1128 3396 Sed

37 3426 63 3475 ab
76 3428 200 3478 educatore
214 3431 308 3494 pastore
323 3430 477 3481 adolescentes
492 3432 602 3481 certiores
615 3431 685 3490 lacti,
700 3448 749 3482 eam
765 3448 813 3482 csse
823 3434 923 3480 matrem
932 3446 1009 3488 suam,
1024 3429 1128 3479 celeriter

38 3511 152 3562 consecuti
169 3514 281 3571 matrem,
299 3512 441 3579 eripuerunt.
459 3515 544 3565 Dircen
562 3516 591 3564 ad
604 3517 700 3564 taurum
713 3514 816 3565 crinibus
830 3513 953 3578 religatam
966 3514 1080 3561 necant.”
1095 3539 1128 3549 -

38 3593 172 3660 Propertius
189 3593 291 3660 primam
308 3595 420 3646 historiae
437 3601 529 3663 partem
545 3596 712 3664 praetermittit
717 3617 724 3655 ς
746 3595 857 3646 describit
872 3595 989 3660 Antiopen
1004 3593 1030 3642 iu
1045 3591 1128 3642 vinclis

39 3677 139 3726 aDirce
160 3675 242 3726 acerbe
264 3680 403 3737 tractatam,
425 3679 506 3729 deinde
528 3679 553 3729 in
577 3679 746 3746 Cythaerouem
764 3677 918 3743 effugientem.
953 3675 1000 3726 Diu
1016 3674 1128 3742 opinabar

39 3755 142 3808 lacunam
172 3773 222 3809 esse
253 3763 307 3826 post
339 3776 431 3810 versum
464 3762 512 3821 34,
544 3761 686 3828 alteramque
716 3763 771 3829 post
795 3760 839 3820 38,
872 3759 963 3810 nullum
993 3757 1030 3808 vel
1057 3756 1127 3808 nimis
