2624 4398
1297 22 1304 335 l

281 527 343 589 Aut
362 527 460 606 spada
479 545 620 588 annorum
640 530 692 588 aut
711 527 801 605 longa
820 527 979 588 intervalla
996 525 1136 606 profundi
1219 528 1253 588 25
1298 394 1305 599 ἔ

321 629 470 690 Lenibunt
489 630 580 691 tacito
599 630 723 690 vulnera
742 634 843 690 nostra
862 630 937 690 sinu
1299 614 1303 665 ἶ

283 733 342 794 Seu
362 732 483 814 moriar,
503 733 579 813 fato,
600 752 658 794 non
678 733 758 811 turpi
777 732 886 794 fractus
907 751 1017 814 amore3

323 834 423 912 Atque
443 837 500 897 erit
519 837 572 896 illa
591 835 664 896 mihi
684 836 786 897 mortis
807 836 931 897 honesta
950 836 1023 898 dies.

688 349 728 412 56

198 996 222 1044 6.
256 995 328 1044 Gron.
345 996 369 1044 et
385 996 461 1060 Neap.
478 993 528 1058 ipse
543 996 617 1044 Deus.
643 994 715 1059 Vulg.
732 995 775 1046 itte
791 998 864 1045 Deus.
892 995 949 1061 Ipse
964 994 1036 1053 deus,
1053 996 1121 1044 notat
1137 993 1255 1054 Jacobins,

164 1080 199 1128 est
215 1078 271 1127 dens
286 1077 462 1144 undequaqnam
477 1075 567 1126 iustam
584 1081 608 1126 et
624 1093 740 1144 praesens.
757 1107 792 1116 -
810 1078 906 1127 Codices
923 1077 1010 1126 addunt
1026 1076 1159 1128 distichon:

361 1165 410 1216 Vix
425 1169 504 1215 tamen
520 1169 560 1214 ent
576 1167 646 1216 semel
663 1167 780 1226 admittit,
800 1183 853 1216 cum
870 1183 937 1232 saepo
953 1166 1059 1231 negavit;

395 1252 442 1299 Seu
457 1250 535 1308 venit,
553 1252 656 1298 extremo
673 1250 761 1299 dormit
778 1251 852 1298 amica
867 1252 929 1299 toro.

197 1339 236 1389 An
251 1356 351 1406 nsquam
365 1338 500 1389 insulsiores
516 1338 641 1388 versiculos
657 1339 754 1404 legisti?
772 1339 835 1403 Quid
852 1337 896 1388 sibi
912 1337 965 1386 vult
980 1337 1023 1386 eie
1040 1342 1119 1387 temen
1132 1341 1178 1387 aut
1190 1338 1257 1386 emt

165 1422 295 1472 admittit?
319 1421 426 1471 Obscene
441 1421 529 1470 dietnm
546 1424 671 1486 putemus?
694 1420 753 1479 Pol,
771 1421 841 1470 nimis
859 1419 990 1468 ridiculum.
1024 1421 1063 1468 An
1079 1420 1141 1468 forte
1158 1435 1183 1468 se
1199 1419 1256 1468 domi

164 1507 284 1570 receptum
300 1504 433 1569 significati
459 1505 579 1560 Attum,
597 1518 642 1568 qno
659 1519 700 1552 seu
716 1503 802 1553 venit?
827 1503 929 1566 Scaliger
945 1517 989 1566 pro
1006 1501 1085 1550 amica
1100 1501 1256 1550 emendaverat
1299 1491 1300 1571 J

165 1587 267 1637 amicta.-
292 1585 464 1636 memorabilem
489 1587 513 1634 et
537 1585 665 1650 palmarem
687 1585 850 1650 praedicarunt
875 1583 1064 1634 emendationem.
1098 1583 1188 1632 Verum
1210 1599 1255 1634 eam
1297 1576 1300 1644 l

165 1670 302 1737 Propertius
315 1669 367 1733 jam
382 1668 472 1735 pridem
489 1667 610 1731 rejecerat:
1299 1659 1300 1682 ³

414 1759 484 1814 Qreod
498 1758 676 1824 reponentem
693 1757 772 1807 animo
788 1757 874 1808 vetite
890 1756 997 1815 calaris,

444 1840 523 1890 Scaea
538 1846 600 1890 veste
617 1857 680 1890 meas
696 1841 816 1906 experiere
832 1856 925 1890 manus.
959 1839 1006 1901 (ΕΙ.
1024 1839 1079 1899 IV.)

199 1941 239 1989 19.
274 1938 346 1988 codd.
368 1939 437 1993 eund
450 1944 568 2004 sepereet5
586 1940 750 1988 Lachmanuus
767 1939 897 1988 emendavit
915 1937 960 1992 eci
975 1941 1088 2001 superest.

198 2038 239 2087 21.
273 2039 346 2086 Gron.
364 2035 531 2101 eapientem
549 2036 623 2085 lintea
628 2057 638 2093 ;
656 2038 732 2101 Neap.
749 2035 843 2100 capient
859 2052 896 2084 me
912 2034 993 2083 litore.

200 2135 241 2183 23.
276 2132 349 2182 Oodd.
362 2131 463 2190 studiis3
478 2147 525 2180 non
537 2131 651 2181 laudabile
663 2132 772 2198 loquendi
785 2147 857 2196 genus
873 2131 972 2180 ustcdia
988 2130 1119 2180 Platonisn
1135 2129 1253 2187 vitabitur,
1297 2137 1301 2201 p*

168 2215 188 2265 si
205 2232 258 2266 cum
275 2213 424 2264 Broukhusio
439 2213 522 2278 legeris
538 2213 632 2262 stadins.
1297 2210 1301 2253 t

200 2313 241 2362 24.
274 2312 323 2362 Hic
339 2311 435 2361 (lodices
451 2311 551 2360 addunt:

363 2401 495 2466 Prosequor
512 2403 552 2449 ant
569 2399 672 2448 studium
687 2399 791 2465 linguae,
809 2401 972 2449 Demosthenis
990 2415 1068 2459 arma,

398 2481 569 2547 Librorumquc
585 2485 652 2540 tuos,
670 2481 737 2530 docte
754 2483 894 2542 Menandre,
912 2483 984 2541 sales;

365 2566 415 2613 sut
431 2567 494 2613 certe
508 2563 604 2613 tabulae
621 2564 713 2629 capient
728 2580 780 2612 mea
795 2564 885 2613 lumina
901 2565 987 2630 pictae,

397 2645 451 2695 Sive
467 2645 537 2694 ebore
553 2649 659 2703 exactae,
676 2662 718 2695 sen
734 2646 809 2710 magis
826 2661 878 2696 acre
894 2663 986 2696 manns.
1298 2634 1302 2698 l

201 2737 227 2786 Si
256 2737 285 2786 ad
314 2735 455 2786 locutionem
484 2739 588 2801 spectes,
616 2736 670 2799 jure
699 2737 828 2800 meritoque
853 2737 878 2786 in
903 2737 1074 2786 enumeratione
1098 2737 1252 2804 repetitionem
1301 2742 1302 2774 l

167 2817 285 2867 insuavem
303 2817 468 2882 reprehendes:
486 2819 555 2867 docte
571 2816 705 2867 Menander
721 2822 745 2867 et
759 2818 827 2868 docte
839 2820 951 2884 Epicure.
970 2819 1090 2868 Accedunt
1104 2824 1128 2869 et
1141 2818 1251 2869 remissius

167 2897 227 2947 illud
240 2900 391 2963 Proseqnnr,
404 2901 429 2948 et
443 2897 568 2948 Menandri
582 2899 711 2948 comoediae
725 2899 782 2947 libri
796 2899 882 2958 dictae,
897 2903 921 2949 ct
933 2900 984 2965 ipsa
996 2899 1126 2949 Menander
1138 2901 1251 2950 doctorum

167 2982 247 3031 laurea
263 2982 374 3041 donatus,
392 2984 415 3031 et
431 2983 597 3032 Demosthenis
614 2999 695 3041 anna,
712 2997 770 3047 qnae
787 2981 898 3031 Petronio
915 2982 1035 3032 reddenda·
1045 2997 1095 3031 esse
1110 2983 1250 3032 Burmannus

167 3063 254 3113 docuit.
289 3063 319 3113 In
340 3079 411 3113 versu
433 3063 502 3112 tertio
525 3069 588 3113 certe
610 3062 710 3112 otiosum
730 3063 823 3113 videtur
844 3066 868 3112 et
890 3063 959 3112 metri
982 3063 1058 3128 gratia
1077 3062 1198 3114 insertum.
1220 3059 1251 3110 Ad

168 3161 205 3194 res
228 3149 305 3195 auem
328 3146 389 3212 quod
413 3145 511 3203 attinet,
533 3145 682 3212 Propertius,
704 3161 777 3211 neque
798 3149 888 3204 orator,
909 3162 983 3212 neque
998 3149 1067 3212 poeta
1083 3147 1196 3204 comicus,
1211 3157 1250 3193 noo

168 3225 197 3274 sd
211 3228 389 3276 Demosthenem
404 3230 444 3276 ant
457 3228 614 3277 Menandrum
628 3227 732 3277 animum
746 3243 802 3294 prae
816 3229 911 3277 caeteris
926 3228 1075 3292 adjunxisset.
1097 3229 1145 3278 Nec
1156 3227 1249 3281 tabulas,

167 3323 210 3357 nec
232 3307 310 3372 signa,
334 3325 376 3358 nec
399 3309 529 3359 comoediae
550 3310 638 3374 optime
658 3309 746 3358 iaciunt
768 3310 797 3358 ad
819 3311 946 3359 sanandum
965 3311 1069 3359 animum
1086 3327 1163 3361 amore
1179 3324 1248 3374 segre

167 3389 256 3437 tantam
263 3408 269 3446 ς
285 3403 311 3437 ea
324 3389 385 3438 cuim
399 3390 477 3438 omnia
490 3390 609 3456 cupidines
623 3391 731 3450 irritam,
745 3395 885 3456 moventque
897 3393 1015 3441 Ardentes
1022 3393 1124 3456 juvenes
1136 3398 1249 3458 raptasque

166 3469 194 3518 in
211 3484 290 3519 amore
301 3471 404 3535 puellas.
431 3471 539 3534 Quatnor
554 3471 659 3522 versibus
676 3475 781 3534 omissis,
804 3475 898 3540 gratim
914 3475 1020 3541 procedit
1037 3476 1126 3536 oratio,
1142 3491 1197 3542 quse
1211 3473 1247 3521 hot

166 3551 219 3602 loco
238 3555 348 3601 ornatum
364 3553 475 3619 despicit,
493 3553 630 3604 brevitatem
647 3557 732 3621 poscit.

204 3655 245 3706 26.
284 3655 365 3706 Tacito
387 3657 441 3707 sinu
463 3657 552 3708 dictum
573 3660 667 3726 proprie
688 3660 807 3728 intelligo,
833 3661 902 3714 sicuti
922 3661 947 3712 in
963 3661 1001 3711 Dl.
1020 3661 1064 3711 III
1081 3662 1134 3714 Lib.
1150 3662 1199 3712 Ter.
1220 3655 1246 3704 lt

172 3737 247 3790 tacito
264 3739 347 3792 cobibe
361 3740 454 3809 pendia
469 3741 533 3793 sinu.
