2624 4398
547 381 605 440 113

141 549 183 611 Et
202 549 288 613 morlo
307 511 438 614 formosa
451 554 506 630 qni
522 553 609 632 jussa
628 553 776 632 Lycoride
797 555 902 620 Gallus
1079 563 1118 623 45

183 652 315 714 Mortuus
335 651 449 716 inferna
469 655 592 716 vulnera
612 655 686 718 lavit
706 659 799 735 aqua!
956 663 958 671 '

142 754 274 834 Cynthia
293 757 364 835 quin
384 757 475 820 etiem
495 775 584 822 versa
604 759 726 822 laudato
746 761 895 842 Properti,

181 859 246 922 Has
266 859 390 924 intorsi
410 879 457 924 mo
477 879 587 942 ponere
606 863 701 926 Fama
721 865 809 926 volet„

70 1031 94 1083 2.
132 1031 206 1083 endu.
222 1034 299 1084 solem
315 1037 352 1092 te,
368 1033 394 1083 id
410 1037 459 1094 est,
476 1050 549 1086 mum
566 1039 602 1088 est
615 1036 767 1104 qnodlaalor.
784 1039 887 1106 Rsponri
900 1055 996 1100 emm,-
1011 1042 1117 1094 menda·

22 1114 122 1175 tionem,
140 1130 212 1181 qnam
228 1114 308 1165 hadal
324 1113 479 1177 manerius,
496 1117 573 1184 reperi
588 1117 614 1168 in
631 1122 743 1172 contextu
760 1120 925 1186 Heimraichii‚
943 1124 1021 1176 nescio
1038 1128 1119 1176 utrum

23 1196 186 1262 sconjsciura
202 1212 256 1257 sua,
274 1212 304 1247 an
320 1195 403 1248 aliana

69 1285 94 1336 5.
129 1287 162 1337 Et
183 1283 250 1338 locus
273 1287 312 1338 hic
327 1303 375 1338 non
390 1285 473 1338 leviter
489 1287 584 1340 criticos
601 1289 680 1341 torsit.
706 1291 779 1342 Gran.
796 1293 902 1354 maloi:
920 1297 996 1364 Nsap.
1013 1296 1119 1356 erechtir

23 1367 182 1418 Mentelienus
198 1367 344 1427 Emeritam,-
361 1384 432 1435 quam
447 1385 528 1420 vocem
542 1371 659 1438 recipiunt
675 1373 716 1438 qui
731 1374 836 1440 cogitant
844 1375 872 1426 do
880 1375 1012 1442 Aeschylo,
1029 1377 1117 1428 Erech·

24 1450 102 1510 thaso,
128 1451 153 1500 id
179 1454 216 1501 esi
236 1450 381 1502 Atheniensi.
414 1451 459 1502 sel
485 1453 593 1520 quisnam
618 1451 760 1520 Aeschylum
777 1457 839 1507 undo
856 1457 1009 1510 Atheniensis
1025 1460 1120 1510 nomine

24 1530 173 1599 designaret?
199 1535 320 1584 Praeterea
335 1533 400 1584 nulla
417 1551 466 1586 esse
482 1539 561 1602 potest
577 1537 602 1586 iu
618 1537 663 1588 hac
680 1537 753 1604 elogia
769 1538 858 1589 mentio
871 1539 900 1589 de
911 1540 1035 1606 Aeschylo.
1060 1542 1119 1592 Cod.

26 1615 152 1669 Vossianus
170 1617 277 1678 Cretaei,
294 1616 318 1666 id
335 1620 371 1667 eol
386 1616 530 1683 Epimenidis
548 1619 678 1680 Cretensis,
694 1621 735 1685 qui
751 1635 836 1686 poema
851 1620 879 1670 de
892 1622 1052 1687 Argonautica
1062 1639 1118 1674 eon·

25 1697 124 1764 scripsit
140 1698 241 1748 Paccius
259 1699 365 1759 orihel,
381 1699 471 1750 scilicet
488 1702 598 1762 Homeri,
615 1718 630 1752 a
646 1703 754 1768 nympha
768 1705 844 1752 matre
858 1703 985 1754 Oritheide.
1012 1705 1121 1770 Perrejus

26 1783 46 1828 ei
61 1780 203 1831 Beroaldus:
227 1781 329 1844 lprlcm'.
352 1782 466 1830 Barlhins
484 1782 573 1833 cinaei
590 1783 716 1846 (Zenonis).
734 1783 847 1834 Heinsius
862 1785 993 1848 Smyrnaei.
1011 1787 1122 1838 Jacobius

26 1867 47 1910 et
66 1863 171 1914 Aetnaei
192 1863 347 1928 (Empedoclis
363 1863 458 1925 Sinrli);
480 1865 606 1916 Paldamus
623 1865 712 1918 Lucili.
748 1867 838 1918 Verum
855 1867 919 1918 docti
937 1869 984 1919 viri
1000 1874 1122 1921 senserunt

27 1944 147 1995 desiderari
168 1961 254 1995 nomen
276 1945 410 2011 scriptoris,
428 1946 469 2012 qui
485 1947 513 1998 do
527 1947 679 2015 philosophia
694 1947 787 2015 poetico
803 1949 904 1999 carmine
920 1950 1032 2000 concinne
1047 1951 1121 2002 disse·

28 2028 108 2086 ruarit;
132 2043 188 2078 uam
204 2028 233 2077 ad
249 2029 369 2078 Socratem
387 2043 409 2078 v.
425 2028 454 2087 2,
472 2031 543 2094 atque
560 2031 589 2080 ad
608 2029 741 2096 Epicurum
758 2046 782 2080 v.
799 2031 815 2080 6
832 2031 966 2096 respiciant.
998 2031 1075 2096 Quam
1092 2031 1122 2082 ob

27 2125 115 2160 causam
135 2109 256 2160 Turnebus
277 2113 301 2160 et
321 2109 424 2175 Scaliger
441 2109 587 2173 conjecerant
608 2111 719 2170 Lucreti,
742 2110 809 2175 cuijus
826 2116 934 2178 poemate
950 2113 1047 2179 Epicuri
1063 2113 1119 2164 doc·

27 2193 108 2243 trinam
133 2193 265 2260 explicant,
289 2195 325 2252 el,
350 2195 410 2242 teste
435 2191 526 2252 Tullio,
553 2197 623 2242 utum
650 2193 788 2244 terebantur
805 2194 913 2245 manibus
931 2196 1119 2246 Romanorumn

30 2275 122 2325 Difficile
145 2279 225 2326 tamen
249 2274 339 2324 creditu
361 2290 445 2325 nomen
467 2275 589 2340 proprium
613 2275 733 2342 scripsisse
756 2276 918 2342 Propertium,
941 2293 1015 2343 nequa
1035 2294 1120 2329 noman

29 2357 126 2408 Lucretii
141 2362 226 2408 nolum
241 2360 292 2408 tam
306 2355 371 2406 foede
388 2356 558 2422 correpsisseni
574 2356 629 2407 libri
646 2357 737 2423 scripti.
760 2358 816 2407 Jem
833 2359 983 2410 Burmannus
999 2365 1122 2412 monuerat

30 2439 138 2504 Epicurus
155 2439 192 2490 bis
208 2440 234 2488 in
250 2439 327 2503 Sylois
344 2455 358 2489 a
374 2439 450 2489 Statio
466 2439 545 2490 vocari
566 2441 720 2504 Garpetticr:
734 2441 814 2491 serior
826 2442 977 2507 Garpetts'ua,
987 2445 1122 2496 commoliar

30 2537 80 2584 quor
95 2524 141 2572 dot
160 2521 298 2587 Garamam
314 2525 411 2580 rumor,
429 2521 511 2572 eloco
528 2521 568 2572 uhi
578 2526 657 2572 ortum
667 2522 758 2575 habuit.
776 2524 840 2573 Hinc
854 2526 964 2590 Ungerus
973 2528 1122 2592 conjectura,

29 2620 93 2667 quam
109 2605 178 2655 unica
194 2619 273 2655 veram
290 2619 382 2662 censeo,
400 2604 544 2654 emendavit:
564 2605 630 2659 Quid
644 2605 691 2655 rios·
711 2607 826 2670 Gcrpetti.
844 2607 983 2674 Propertius
992 2611 1038 2662 aitz
1057 2610 1121 2676 Quid

31 2686 68 2735 libi
81 2689 183 2754 prosunt
196 2689 319 2753 praecepta
332 2685 492 2752 philosophiae
506 2685 638 2737 Socraticae
647 2691 688 2737 aut
698 2687 846 2754 Epicureae?
864 2691 1011 2756 qnidjnvani
1019 2692 1122 2744 mmmm

30 2784 81 2832 quos
105 2771 150 2820 aar
178 2769 312 2834 carponius
337 2773 422 2818 arretor
447 2769 475 2818 de
496 2784 575 2818 amore
597 2770 719 2820 scribens?
751 2771 785 2820 nil
807 2771 871 2821 valet
890 2771 930 2822 hic
950 2789 1019 2825 senen
1036 2778 1121 2828 vescor.

30 2847 139 2914 Epicurus
156 2849 219 2900 enim
234 2849 322 2900 librum
338 2850 366 2900 do
383 2865 462 2900 amore
478 2854 651 2916 composuerat.
896 2845 899 2850 ’

74 2942 98 2991 7.
130 2939 308 3006 Agitalissimns
324 2955 414 3006 quoque
430 2939 503 2990 locus.
538 2939 631 3005 Optimi
649 2938 722 2990 cord.
740 2955 864 2991 memorem
882 2941 970 3002 Mure,
989 2944 1026 2994 vel
1044 2945 1123 2998 Muris

31 3037 145 3074 memorem
160 3022 262 3081 habent3
279 3022 397 3072 Leidensis
414 3022 428 3071 I
445 3026 469 3072 et
484 3021 656 3072 (l’Orvillienns
673 3021 794 3072 meliorem
811 3023 902 3082 Mrem
919 3040 990 3089 qnam
998 3025 1121 3080 lectionem
1184 3052 1187 3058 ¹

31 3105 95 3156 milio
110 3106 227 3172 Scaliger:
244 3105 340 3164 melior,
356 3105 382 3153 id
397 3107 434 3154 eet
447 3105 564 3170 acceptior
573 3104 659 3154 Musis.
677 3104 777 3154 Locutio
785 3103 894 3165 flaccida,
903 3121 950 3155 non
960 3108 1122 3174 Propertiana.

31 3185 84 3239 Post
98 3189 157 3239 hacc
173 3187 318 3238 eruditorum
334 3187 479 3250 conjecturae
495 3203 593 3238 numero
611 3203 682 3253 poene
696 3189 751 3237 sunt
766 3188 878 3237 infiniae.
896 3189 1067 3250 Marklandus:
1090 3195 1122 3246 Tu

31 3272 99 3322 retiae
111 3287 234 3322 memorem
250 3270 341 3327 Burin
349 3269 572 3334 .Slruchlmeycrns:
597 3272 630 3320 lis
639 3269 716 3320 entier
728 3269 926 3321 Muraemumeror
934 3272 1028 3325 imitere
1036 3277 1121 3328 Phile·

32 3355 80 3412 lae5
93 3356 255 3405 Burmannus:
276 3355 310 3402 lle
317 3351 395 3402 ratius
407 3353 499 3401 mollem
509 3351 586 3401 Morio
592 3373 602 3409 ,·
620 3351 756 3402 Saulenius:
779 3350 818 3402 Tu
826 3352 903 3403 ratim
910 3354 1004 3404 Moram
1013 3357 1123 3410 leviorem

31 3434 115 3488 imitere
131 3437 258 3494 Phs'letae,¹
275 3434 401 3484 Heinsius:
425 3435 459 3484 lle
475 3435 552 3484 saliua
567 3434 734 3483 Mimnermrrm
749 3439 793 3484 aut
803 3435 874 3486 Coum
883 3435 976 3487 imitere
984 3439 1123 3500 emeram,-

33 3519 191 3586 Koppisrsius:
214 3520 248 3569 lle
264 3517 342 3568 satius
358 3516 525 3566 Mimnermcm
538 3521 582 3566 aut
591 3517 685 3566 Murem
694 3515 788 3566 imitere
796 3515 913 3568 Peraeae
916 3539 927 3576 ,·
945 3520 1122 3574 Lachmannus:

37 3611 65 3662 lle
79 3613 170 3662 Battus
186 3623 308 3660 rumorem
325 3606 403 3656 Mem
419 3604 513 3655 imitere
534 3602 666 3654 Philotam
676 3599 805 3668 (Boron,
825 3605 951 3669 Botere,
974 3612 1049 3662 amice
1065 3613 1123 3662 Phi·

32 3691 104 3758 lalus);
127 3693 251 3747 Jacobius:
279 3695 314 3744 ile
335 3690 413 3741 eolica
435 3689 556 3754 Meropem
578 3687 671 3747 Musier
699 3688 880 3756 Hertzbergiue:
904 3695 938 3746 la
954 3697 1032 3747 cociam
1048 3696 1125 3748 Mario

34 3774 159 3830 llimmemr'
182 3777 275 3828 imitere
300 3774 440 3830 Philotam
466 3771 572 3822 Eldikius
597 3786 666 3821 veror
696 3774 728 3824 Tm
750 3774 827 3825 ratius
850 3778 926 3828 teneri
949 3781 1015 3830 lmue
1031 3779 1124 3833 imitere

1007 3871 1023 3919 8
