<?xml version="1.0" encoding="UTF-8"?>
<!DOCTYPE html PUBLIC "-//W3C//DTD XHTML 1.0 Transitional//EN"
    "http://www.w3.org/TR/xhtml1/DTD/xhtml1-transitional.dtd">
<html xmlns="http://www.w3.org/1999/xhtml" xml:lang="en" lang="en">
 <head>
  <title>
</title>
<meta http-equiv="Content-Type" content="text/html;charset=utf-8" />
  <meta name='ocr-system' content='tesseract 3.04.00' />
  <meta name='ocr-capabilities' content='ocr_page ocr_carea ocr_par ocr_line ocrx_word'/>
</head>
<body>
  <div class='ocr_page' id='page_1' title='image "./cynthiacumlibro00carugoog_0230.png"; bbox 0 0 2642 4396; ppageno 0'>
   <div class='ocr_carea' id='block_1_1' title="bbox 582 313 639 374">
    <p class='ocr_par' dir='ltr' id='par_1_1' title="bbox 582 313 639 374">
     <span class='ocr_line' id='line_1_1' title="bbox 582 313 639 374; baseline -0.018 0"><span class='ocrx_word' id='word_1_1' title='bbox 582 313 639 374; x_wconf 89' lang='grc'><strong>161</strong></span> 
     </span>
    </p>
   </div>
   <div class='ocr_carea' id='block_1_2' title="bbox 40 481 1157 879">
    <p class='ocr_par' dir='ltr' id='par_1_2' title="bbox 40 481 1157 879">
     <span class='ocr_line' id='line_1_2' title="bbox 93 481 1157 553; baseline 0 -16"><span class='ocrx_word' id='word_1_2' title='bbox 93 487 138 537; x_wconf 88' lang='grc'><strong>16.</strong></span> <span class='ocrx_word' id='word_1_3' title='bbox 172 485 245 537; x_wconf 82' lang='lat' dir='ltr'><strong>Codd.</strong></span> <span class='ocrx_word' id='word_1_4' title='bbox 261 487 357 536; x_wconf 66' lang='lat' dir='ltr'><strong>locam</strong></span> <span class='ocrx_word' id='word_1_5' title='bbox 373 485 451 551; x_wconf 77' lang='lat' dir='ltr'><strong>aquic.</strong></span> <span class='ocrx_word' id='word_1_6' title='bbox 478 482 615 552; x_wconf 78' lang='lat' dir='ltr'><strong>Propertius</strong></span> <span class='ocrx_word' id='word_1_7' title='bbox 631 481 728 534; x_wconf 74' lang='lat' dir='ltr'><strong>dixisset</strong></span> <span class='ocrx_word' id='word_1_8' title='bbox 744 484 871 550; x_wconf 78' lang='lat' dir='ltr'><strong>Spartanae</strong></span> <span class='ocrx_word' id='word_1_9' title='bbox 887 483 989 550; x_wconf 71' lang='lat' dir='ltr'><strong>virginee</strong></span> <span class='ocrx_word' id='word_1_10' title='bbox 1007 488 1078 553; x_wconf 79' lang='lat' dir='ltr'><strong>ceput</strong></span> <span class='ocrx_word' id='word_1_11' title='bbox 1091 485 1157 552; x_wconf 81' lang='lat' dir='ltr'><strong>galee</strong></span> 
     </span>
     <span class='ocr_line' id='line_1_3' title="bbox 43 565 1157 637; baseline 0.001 -19"><span class='ocrx_word' id='word_1_12' title='bbox 43 585 179 637; x_wconf 84' lang='lat' dir='ltr'><strong>premere,</strong></span> <span class='ocrx_word' id='word_1_13' title='bbox 201 569 279 633; x_wconf 86' lang='lat' dir='ltr'><strong>quales</strong></span> <span class='ocrx_word' id='word_1_14' title='bbox 300 569 429 618; x_wconf 78' lang='lat' dir='ltr'><strong>Amazones</strong></span> <span class='ocrx_word' id='word_1_15' title='bbox 450 566 538 616; x_wconf 79' lang='lat' dir='ltr'><strong>nudato</strong></span> <span class='ocrx_word' id='word_1_16' title='bbox 555 565 607 615; x_wconf 88' lang='lat' dir='ltr'><strong>sinu</strong></span> <span class='ocrx_word' id='word_1_17' title='bbox 626 603 633 616; x_wconf 91' lang='lat'>.</span> <span class='ocrx_word' id='word_1_18' title='bbox 652 604 682 616; x_wconf 91' lang='lat'><strong>..</strong></span> <span class='ocrx_word' id='word_1_19' title='bbox 706 582 779 632; x_wconf 88' lang='lat' dir='ltr'><strong>quum</strong></span> <span class='ocrx_word' id='word_1_20' title='bbox 795 568 908 616; x_wconf 76' lang='lat' dir='ltr'><strong>lavantur</strong></span> <span class='ocrx_word' id='word_1_21' title='bbox 924 568 951 617; x_wconf 84' lang='lat' dir='ltr'><strong>in</strong></span> <span class='ocrx_word' id='word_1_22' title='bbox 968 570 1037 634; x_wconf 78' lang='lat' dir='ltr'><strong>equis</strong></span> <span class='ocrx_word' id='word_1_23' title='bbox 1053 569 1157 618; x_wconf 83' lang='lat' dir='ltr'><strong>fluminis</strong></span> 
     </span>
     <span class='ocr_line' id='line_1_4' title="bbox 42 647 1157 716; baseline -0.001 -15"><span class='ocrx_word' id='word_1_24' title='bbox 42 651 248 701; x_wconf 79' lang='lat' dir='ltr'><strong>Thermodontis.</strong></span> <span class='ocrx_word' id='word_1_25' title='bbox 266 652 311 716; x_wconf 78' lang='lat' dir='ltr'><strong>At,</strong></span> <span class='ocrx_word' id='word_1_26' title='bbox 328 649 452 708; x_wconf 76' lang='lat' dir='ltr'><strong>uitellos,</strong></span> <span class='ocrx_word' id='word_1_27' title='bbox 469 665 516 700; x_wconf 88' lang='lat' dir='ltr'><strong>nou</strong></span> <span class='ocrx_word' id='word_1_28' title='bbox 533 649 662 698; x_wconf 72' lang='lat' dir='ltr'><strong>Amazones</strong></span> <span class='ocrx_word' id='word_1_29' title='bbox 678 651 770 698; x_wconf 88' lang='lat' dir='ltr'><strong>tentum</strong></span> <span class='ocrx_word' id='word_1_30' title='bbox 783 647 885 698; x_wconf 84' lang='lat' dir='ltr'><strong>tunicum</strong></span> <span class='ocrx_word' id='word_1_31' title='bbox 894 651 997 716; x_wconf 83' lang='lat' dir='ltr'><strong>ponunt,</strong></span> <span class='ocrx_word' id='word_1_32' title='bbox 1013 666 1067 700; x_wconf 90' lang='lat' dir='ltr'><strong>cum</strong></span> <span class='ocrx_word' id='word_1_33' title='bbox 1074 650 1157 700; x_wconf 82' lang='lat' dir='ltr'><strong>fluviu-</strong></span> 
     </span>
     <span class='ocr_line' id='line_1_5' title="bbox 40 727 1156 800; baseline 0 -17"><span class='ocrx_word' id='word_1_34' title='bbox 40 732 124 784; x_wconf 86' lang='lat' dir='ltr'><strong>libus</strong></span> <span class='ocrx_word' id='word_1_35' title='bbox 143 733 212 782; x_wconf 88' lang='lat' dir='ltr'><strong>undis</strong></span> <span class='ocrx_word' id='word_1_36' title='bbox 228 749 252 782; x_wconf 91' lang='lat' dir='ltr'><strong>se</strong></span> <span class='ocrx_word' id='word_1_37' title='bbox 267 732 355 782; x_wconf 74' lang='lat' dir='ltr'><strong>levant.</strong></span> <span class='ocrx_word' id='word_1_38' title='bbox 382 729 493 781; x_wconf 78' lang='lat' dir='ltr'><strong>Heinsius</strong></span> <span class='ocrx_word' id='word_1_39' title='bbox 510 731 652 781; x_wconf 77' lang='lat' dir='ltr'><strong>emendavit:</strong></span> <span class='ocrx_word' id='word_1_40' title='bbox 670 731 742 780; x_wconf 78' lang='lat' dir='ltr'><strong>turba</strong></span> <span class='ocrx_word' id='word_1_41' title='bbox 758 734 861 796; x_wconf 65' lang='lat' dir='ltr'><strong>coeatur</strong></span> <span class='ocrx_word' id='word_1_42' title='bbox 877 730 951 796; x_wconf 65' lang='lat' dir='ltr'><strong>aeris.</strong></span> <span class='ocrx_word' id='word_1_43' title='bbox 978 727 1065 782; x_wconf 77' lang='lat' dir='ltr'><strong>Verum</strong></span> <span class='ocrx_word' id='word_1_44' title='bbox 1082 733 1156 800; x_wconf 86' lang='lat' dir='ltr'><strong>scrip·</strong></span> 
     </span>
     <span class='ocr_line' id='line_1_6' title="bbox 41 814 531 879; baseline -0.006 -13"><span class='ocrx_word' id='word_1_45' title='bbox 41 819 142 866; x_wconf 81' lang='lat' dir='ltr'><strong>turam</strong></span> <span class='ocrx_word' id='word_1_46' title='bbox 159 815 239 866; x_wconf 75' lang='lat' dir='ltr'><strong>credo:</strong></span> <span class='ocrx_word' id='word_1_47' title='bbox 257 816 330 866; x_wconf 74' lang='lat' dir='ltr'><strong>turba</strong></span> <span class='ocrx_word' id='word_1_48' title='bbox 347 817 440 866; x_wconf 69' lang='lat' dir='ltr'><strong>ovata</strong></span> <span class='ocrx_word' id='word_1_49' title='bbox 456 814 531 879; x_wconf 68' lang='lat' dir='ltr'><strong>syria</strong></span> 
     </span>
    </p>
   </div>
   <div class='ocr_carea' id='block_1_3' title="bbox 90 917 1096 984">
    <p class='ocr_par' dir='ltr' id='par_1_3' title="bbox 90 917 1096 984">
     <span class='ocr_line' id='line_1_7' title="bbox 90 917 1096 984; baseline 0.003 -14"><span class='ocrx_word' id='word_1_50' title='bbox 90 920 140 972; x_wconf 83' lang='lat'><strong>28.</strong></span> <span class='ocrx_word' id='word_1_51' title='bbox 173 921 296 972; x_wconf 77' lang='lat' dir='ltr'><strong>odoratae</strong></span> <span class='ocrx_word' id='word_1_52' title='bbox 307 921 372 972; x_wconf 83' lang='lat' dir='ltr'><strong>domi</strong></span> <span class='ocrx_word' id='word_1_53' title='bbox 390 919 464 971; x_wconf 85' lang='lat' dir='ltr'><strong>Oodd.</strong></span> <span class='ocrx_word' id='word_1_54' title='bbox 489 920 615 979; x_wconf 71' lang='lat' dir='ltr'><strong>Canterius,</strong></span> <span class='ocrx_word' id='word_1_55' title='bbox 632 917 697 968; x_wconf 90' lang='lat' dir='ltr'><strong>nullo</strong></span> <span class='ocrx_word' id='word_1_56' title='bbox 714 921 873 984; x_wconf 79' lang='lat' dir='ltr'><strong>repugnante,</strong></span> <span class='ocrx_word' id='word_1_57' title='bbox 891 921 992 971; x_wconf 75' lang='lat' dir='ltr'><strong>conexit</strong></span> <span class='ocrx_word' id='word_1_58' title='bbox 1008 935 1096 974; x_wconf 79' lang='lat' dir='ltr'><strong>comae.</strong></span> 
     </span>
    </p>
   </div>
   <div class='ocr_carea' id='block_1_4' title="bbox 39 1008 1160 1260">
    <p class='ocr_par' dir='ltr' id='par_1_4' title="bbox 39 1008 1160 1260">
     <span class='ocr_line' id='line_1_8' title="bbox 89 1008 1160 1090; baseline 0.003 -15"><span class='ocrx_word' id='word_1_59' title='bbox 89 1027 139 1076; x_wconf 88' lang='grc'><strong>30.</strong></span> <span class='ocrx_word' id='word_1_60' title='bbox 173 1026 241 1076; x_wconf 84' lang='lat' dir='ltr'><strong>Inter</strong></span> <span class='ocrx_word' id='word_1_61' title='bbox 255 1029 346 1076; x_wconf 59' lang='lat' dir='ltr'><strong>tenum</strong></span> <span class='ocrx_word' id='word_1_62' title='bbox 363 1026 476 1078; x_wconf 85' lang='lat' dir='ltr'><strong>comitum</strong></span> <span class='ocrx_word' id='word_1_63' title='bbox 491 1025 586 1076; x_wconf 82' lang='lat' dir='ltr'><strong>turbam</strong></span> <span class='ocrx_word' id='word_1_64' title='bbox 601 1024 639 1076; x_wconf 81' lang='lat' dir='ltr'><strong>vel</strong></span> <span class='ocrx_word' id='word_1_65' title='bbox 655 1024 756 1090; x_wconf 76' lang='lat' dir='ltr'><strong>digitum</strong></span> <span class='ocrx_word' id='word_1_66' title='bbox 771 1023 885 1084; x_wconf 82' lang='lat' dir='ltr'><strong>inserere,</strong></span> <span class='ocrx_word' id='word_1_67' title='bbox 901 1008 1029 1076; x_wconf 78' lang='lat' dir='ltr'><strong>immittens¹</strong></span> <span class='ocrx_word' id='word_1_68' title='bbox 1043 1042 1092 1076; x_wconf 82' lang='lat' dir='ltr'><strong>nou</strong></span> <span class='ocrx_word' id='word_1_69' title='bbox 1108 1031 1160 1089; x_wconf 75' lang='lat' dir='ltr'><strong>eet,</strong></span> 
     </span>
     <span class='ocr_line' id='line_1_9' title="bbox 39 1106 1157 1174; baseline 0.003 -14"><span class='ocrx_word' id='word_1_70' title='bbox 39 1126 110 1160; x_wconf 86' lang='lat' dir='ltr'><strong>non</strong></span> <span class='ocrx_word' id='word_1_71' title='bbox 134 1109 215 1167; x_wconf 86' lang='lat' dir='ltr'><strong>detur,</strong></span> <span class='ocrx_word' id='word_1_72' title='bbox 238 1109 369 1159; x_wconf 88' lang='lat' dir='ltr'><strong>nonlicet.</strong></span> <span class='ocrx_word' id='word_1_73' title='bbox 402 1108 524 1174; x_wconf 90' lang='lat' dir='ltr'><strong>Pedisequi</strong></span> <span class='ocrx_word' id='word_1_74' title='bbox 545 1106 715 1159; x_wconf 83' lang='lat' dir='ltr'><strong>comitabantur</strong></span> <span class='ocrx_word' id='word_1_75' title='bbox 737 1107 856 1158; x_wconf 80' lang='lat' dir='ltr'><strong>Romanos</strong></span> <span class='ocrx_word' id='word_1_76' title='bbox 877 1110 900 1157; x_wconf 91' lang='lat' dir='ltr'><strong>et</strong></span> <span class='ocrx_word' id='word_1_77' title='bbox 918 1109 1046 1172; x_wconf 79' lang='lat' dir='ltr'><strong>Romanas,</strong></span> <span class='ocrx_word' id='word_1_78' title='bbox 1066 1110 1157 1162; x_wconf 83' lang='lat' dir='ltr'><strong>decoris</strong></span> 
     </span>
     <span class='ocr_line' id='line_1_10' title="bbox 42 1190 470 1260; baseline -0.012 -15"><span class='ocrx_word' id='word_1_79' title='bbox 42 1191 141 1260; x_wconf 84' lang='lat' dir='ltr'><strong>specie</strong></span> <span class='ocrx_word' id='word_1_80' title='bbox 157 1191 187 1240; x_wconf 83' lang='lat' dir='ltr'><strong>ed</strong></span> <span class='ocrx_word' id='word_1_81' title='bbox 202 1190 284 1241; x_wconf 83' lang='lat' dir='ltr'><strong>luxum</strong></span> <span class='ocrx_word' id='word_1_82' title='bbox 301 1191 470 1241; x_wconf 75' lang='lat' dir='ltr'><strong>ostentandam.</strong></span> 
     </span>
    </p>
   </div>
   <div class='ocr_carea' id='block_1_5' title="bbox 384 1455 847 1552">
    <p class='ocr_par' dir='ltr' id='par_1_5' title="bbox 384 1455 847 1552">
     <span class='ocr_line' id='line_1_11' title="bbox 384 1455 847 1552; baseline 0.002 -28"><span class='ocrx_word' id='word_1_83' title='bbox 384 1455 847 1552; x_wconf 9' lang='lat' dir='ltr'><strong>ununc1uxvu.</strong></span> 
     </span>
    </p>
   </div>
   <div class='ocr_carea' id='block_1_6' title="bbox 299 1637 940 1844">
    <p class='ocr_par' dir='ltr' id='par_1_6' title="bbox 299 1637 940 1844">
     <span class='ocr_line' id='line_1_12' title="bbox 422 1637 818 1687; baseline 0.003 -1"><span class='ocrx_word' id='word_1_84' title='bbox 422 1637 638 1686; x_wconf 79' lang='lat' dir='ltr'><strong>unuounuu</strong></span> <span class='ocrx_word' id='word_1_85' title='bbox 662 1637 818 1687; x_wconf 78' lang='lat' dir='ltr'><strong>eunoun.</strong></span> 
     </span>
     <span class='ocr_line' id='line_1_13' title="bbox 299 1777 940 1844; baseline 0 -15"><span class='ocrx_word' id='word_1_86' title='bbox 299 1778 382 1844; x_wconf 78' lang='lat' dir='ltr'><strong>(cosa</strong></span> <span class='ocrx_word' id='word_1_87' title='bbox 401 1778 446 1838; x_wconf 78' lang='lat' dir='ltr'><strong>sc,</strong></span> <span class='ocrx_word' id='word_1_88' title='bbox 464 1779 547 1829; x_wconf 75' lang='lat' dir='ltr'><strong>num.</strong></span> <span class='ocrx_word' id='word_1_89' title='bbox 565 1777 803 1838; x_wconf 77' lang='lat' dir='ltr'><strong>14,111;Lachm.</strong></span> <span class='ocrx_word' id='word_1_90' title='bbox 821 1779 865 1840; x_wconf 79' lang='lat'><strong>15,</strong></span> <span class='ocrx_word' id='word_1_91' title='bbox 883 1781 940 1843; x_wconf 76' lang='grc' dir='ltr'>ιν.)</span> 
     </span>
    </p>
   </div>
   <div class='ocr_carea' id='block_1_7' title="bbox 189 1937 1166 3136">
    <p class='ocr_par' dir='ltr' id='par_1_7' title="bbox 189 1937 1076 2123">
     <span class='ocr_line' id='line_1_14' title="bbox 189 1937 1076 2018; baseline 0.003 -17"><span class='ocrx_word' id='word_1_92' title='bbox 189 1940 258 2002; x_wconf 83' lang='lat' dir='ltr'><strong>Nox</strong></span> <span class='ocrx_word' id='word_1_93' title='bbox 277 1939 389 2018; x_wconf 86' lang='lat' dir='ltr'><strong>media,</strong></span> <span class='ocrx_word' id='word_1_94' title='bbox 411 1941 442 1999; x_wconf 91' lang='lat' dir='ltr'><strong>et</strong></span> <span class='ocrx_word' id='word_1_95' title='bbox 461 1938 597 1999; x_wconf 88' lang='lat' dir='ltr'><strong>dominae</strong></span> <span class='ocrx_word' id='word_1_96' title='bbox 618 1937 692 1998; x_wconf 91' lang='lat' dir='ltr'><strong>mihi</strong></span> <span class='ocrx_word' id='word_1_97' title='bbox 712 1940 794 2000; x_wconf 89' lang='lat' dir='ltr'><strong>veuit</strong></span> <span class='ocrx_word' id='word_1_98' title='bbox 814 1941 939 2018; x_wconf 88' lang='lat' dir='ltr'><strong>epistola</strong></span> <span class='ocrx_word' id='word_1_99' title='bbox 959 1945 1076 2004; x_wconf 85' lang='lat' dir='ltr'><strong>nostrae</strong></span> 
     </span>
     <span class='ocr_line' id='line_1_15' title="bbox 229 2040 891 2123; baseline 0 -20"><span class='ocrx_word' id='word_1_100' title='bbox 229 2043 358 2103; x_wconf 81' lang='lat' dir='ltr'><strong>Tibure:</strong></span> <span class='ocrx_word' id='word_1_101' title='bbox 378 2059 426 2101; x_wconf 92' lang='lat' dir='ltr'><strong>me</strong></span> <span class='ocrx_word' id='word_1_102' title='bbox 445 2040 537 2101; x_wconf 89' lang='lat' dir='ltr'><strong>missa</strong></span> <span class='ocrx_word' id='word_1_103' title='bbox 552 2041 643 2118; x_wconf 89' lang='lat' dir='ltr'><strong>jussit</strong></span> <span class='ocrx_word' id='word_1_104' title='bbox 664 2040 770 2104; x_wconf 86' lang='lat' dir='ltr'><strong>adesse</strong></span> <span class='ocrx_word' id='word_1_105' title='bbox 790 2060 891 2123; x_wconf 81' lang='lat' dir='ltr'><strong>mora,</strong></span> 
     </span>
    </p>

    <p class='ocr_par' dir='ltr' id='par_1_8' title="bbox 189 2143 1017 2324">
     <span class='ocr_line' id='line_1_16' title="bbox 189 2143 1017 2228; baseline 0.007 -24"><span class='ocrx_word' id='word_1_106' title='bbox 189 2143 324 2205; x_wconf 78' lang='lat' dir='ltr'><strong>Candida</strong></span> <span class='ocrx_word' id='word_1_107' title='bbox 344 2162 403 2221; x_wconf 90' lang='lat' dir='ltr'><strong>qua</strong></span> <span class='ocrx_word' id='word_1_108' title='bbox 422 2144 556 2220; x_wconf 86' lang='lat' dir='ltr'><strong>geminas</strong></span> <span class='ocrx_word' id='word_1_109' title='bbox 576 2143 734 2205; x_wconf 87' lang='lat' dir='ltr'><strong>ostendunt</strong></span> <span class='ocrx_word' id='word_1_110' title='bbox 755 2145 882 2206; x_wconf 86' lang='lat' dir='ltr'><strong>culmina</strong></span> <span class='ocrx_word' id='word_1_111' title='bbox 904 2151 1017 2228; x_wconf 86' lang='lat' dir='ltr'><strong>turres,</strong></span> 
     </span>
     <span class='ocr_line' id='line_1_17' title="bbox 229 2232 965 2324; baseline 0.005 -15"><span class='ocrx_word' id='word_1_112' title='bbox 229 2247 269 2309; x_wconf 83' lang='lat' dir='ltr'><strong>ut</strong></span> <span class='ocrx_word' id='word_1_113' title='bbox 289 2247 367 2308; x_wconf 85' lang='lat' dir='ltr'><strong>cadit</strong></span> <span class='ocrx_word' id='word_1_114' title='bbox 388 2247 419 2306; x_wconf 90' lang='lat' dir='ltr'><strong>iu</strong></span> <span class='ocrx_word' id='word_1_115' title='bbox 439 2247 555 2323; x_wconf 88' lang='lat' dir='ltr'><strong>patulos</strong></span> <span class='ocrx_word' id='word_1_116' title='bbox 575 2232 717 2324; x_wconf 83' lang='lat' dir='ltr'><strong>Nympha</strong></span> <span class='ocrx_word' id='word_1_117' title='bbox 737 2247 855 2310; x_wconf 85' lang='lat' dir='ltr'><strong>Aniena</strong></span> <span class='ocrx_word' id='word_1_118' title='bbox 874 2251 965 2312; x_wconf 85' lang='lat' dir='ltr'><strong>lacus.</strong></span> 
     </span>
    </p>

    <p class='ocr_par' dir='ltr' id='par_1_9' title="bbox 191 2349 1162 2520">
     <span class='ocr_line' id='line_1_18' title="bbox 191 2349 1162 2436; baseline 0.008 -24"><span class='ocrx_word' id='word_1_119' title='bbox 191 2351 272 2426; x_wconf 81' lang='lat' dir='ltr'><strong>Quid</strong></span> <span class='ocrx_word' id='word_1_120' title='bbox 289 2349 423 2412; x_wconf 78' lang='lat' dir='ltr'><strong>faciam?</strong></span> <span class='ocrx_word' id='word_1_121' title='bbox 445 2349 579 2411; x_wconf 89' lang='lat' dir='ltr'><strong>obductis</strong></span> <span class='ocrx_word' id='word_1_122' title='bbox 600 2350 778 2411; x_wconf 88' lang='lat' dir='ltr'><strong>committam</strong></span> <span class='ocrx_word' id='word_1_123' title='bbox 799 2371 884 2414; x_wconf 90' lang='lat' dir='ltr'><strong>meuc</strong></span> <span class='ocrx_word' id='word_1_124' title='bbox 904 2354 1048 2436; x_wconf 88' lang='lat' dir='ltr'><strong>tenebris,</strong></span> <span class='ocrx_word' id='word_1_125' title='bbox 1143 2359 1162 2421; x_wconf 84' lang='lat'>5</span> 
     </span>
     <span class='ocr_line' id='line_1_19' title="bbox 231 2452 1020 2520; baseline 0.008 -6"><span class='ocrx_word' id='word_1_126' title='bbox 231 2454 293 2514; x_wconf 82' lang='lat' dir='ltr'><strong>Aut</strong></span> <span class='ocrx_word' id='word_1_127' title='bbox 311 2454 431 2513; x_wconf 90' lang='lat' dir='ltr'><strong>timeam</strong></span> <span class='ocrx_word' id='word_1_128' title='bbox 452 2452 580 2512; x_wconf 80' lang='lat' dir='ltr'><strong>audaces</strong></span> <span class='ocrx_word' id='word_1_129' title='bbox 601 2452 633 2512; x_wconf 91' lang='lat' dir='ltr'><strong>iu</strong></span> <span class='ocrx_word' id='word_1_130' title='bbox 653 2471 719 2513; x_wconf 89' lang='lat' dir='ltr'><strong>mea</strong></span> <span class='ocrx_word' id='word_1_131' title='bbox 739 2454 870 2516; x_wconf 87' lang='lat' dir='ltr'><strong>membra</strong></span> <span class='ocrx_word' id='word_1_132' title='bbox 890 2458 1020 2520; x_wconf 81' lang='lat' dir='ltr'><strong>manus?</strong></span> 
     </span>
    </p>

    <p class='ocr_par' dir='ltr' id='par_1_10' title="bbox 190 2555 973 2722">
     <span class='ocr_line' id='line_1_20' title="bbox 190 2555 973 2641; baseline 0.004 -23"><span class='ocrx_word' id='word_1_133' title='bbox 190 2556 248 2638; x_wconf 77' lang='lat' dir='ltr'><strong>ut,</strong></span> <span class='ocrx_word' id='word_1_134' title='bbox 269 2557 296 2617; x_wconf 90' lang='lat' dir='ltr'><strong>si</strong></span> <span class='ocrx_word' id='word_1_135' title='bbox 315 2555 391 2616; x_wconf 90' lang='lat' dir='ltr'><strong>haec</strong></span> <span class='ocrx_word' id='word_1_136' title='bbox 411 2555 553 2615; x_wconf 84' lang='lat' dir='ltr'><strong>distulero</strong></span> <span class='ocrx_word' id='word_1_137' title='bbox 573 2558 672 2616; x_wconf 85' lang='lat' dir='ltr'><strong>nostro</strong></span> <span class='ocrx_word' id='word_1_138' title='bbox 692 2556 832 2617; x_wconf 88' lang='lat' dir='ltr'><strong>mandata</strong></span> <span class='ocrx_word' id='word_1_139' title='bbox 851 2558 973 2641; x_wconf 83' lang='lat' dir='ltr'><strong>timore,</strong></span> 
     </span>
     <span class='ocr_line' id='line_1_21' title="bbox 231 2656 833 2722; baseline -0.007 1"><span class='ocrx_word' id='word_1_140' title='bbox 231 2662 381 2722; x_wconf 85' lang='lat' dir='ltr'><strong>Noctumo</strong></span> <span class='ocrx_word' id='word_1_141' title='bbox 400 2658 486 2718; x_wconf 89' lang='lat' dir='ltr'><strong>fictus</strong></span> <span class='ocrx_word' id='word_1_142' title='bbox 510 2656 626 2718; x_wconf 89' lang='lat' dir='ltr'><strong>saevior</strong></span> <span class='ocrx_word' id='word_1_143' title='bbox 646 2657 731 2719; x_wconf 90' lang='lat' dir='ltr'><strong>hoste</strong></span> <span class='ocrx_word' id='word_1_144' title='bbox 750 2659 833 2720; x_wconf 90' lang='lat' dir='ltr'><strong>mihi.</strong></span> 
     </span>
    </p>

    <p class='ocr_par' dir='ltr' id='par_1_11' title="bbox 190 2761 1166 2936">
     <span class='ocr_line' id='line_1_22' title="bbox 190 2761 1047 2839; baseline 0.006 -15"><span class='ocrx_word' id='word_1_145' title='bbox 190 2763 349 2826; x_wconf 88' lang='lat' dir='ltr'><strong>Peccaram</strong></span> <span class='ocrx_word' id='word_1_146' title='bbox 369 2761 477 2839; x_wconf 85' lang='lat' dir='ltr'><strong>semel,</strong></span> <span class='ocrx_word' id='word_1_147' title='bbox 498 2763 529 2820; x_wconf 86' lang='lat' dir='ltr'><strong>et</strong></span> <span class='ocrx_word' id='word_1_148' title='bbox 548 2763 641 2820; x_wconf 89' lang='lat' dir='ltr'><strong>totum</strong></span> <span class='ocrx_word' id='word_1_149' title='bbox 661 2778 727 2820; x_wconf 89' lang='lat' dir='ltr'><strong>sum</strong></span> <span class='ocrx_word' id='word_1_150' title='bbox 747 2763 849 2837; x_wconf 80' lang='lat' dir='ltr'><strong>pulsus</strong></span> <span class='ocrx_word' id='word_1_151' title='bbox 870 2762 902 2824; x_wconf 90' lang='lat' dir='ltr'><strong>iu</strong></span> <span class='ocrx_word' id='word_1_152' title='bbox 922 2783 1047 2829; x_wconf 86' lang='lat' dir='ltr'><strong>aunum:</strong></span> 
     </span>
     <span class='ocr_line' id='line_1_23' title="bbox 232 2862 1166 2936; baseline 0 -8"><span class='ocrx_word' id='word_1_153' title='bbox 232 2867 268 2928; x_wconf 88' lang='lat' dir='ltr'><strong>Iu</strong></span> <span class='ocrx_word' id='word_1_154' title='bbox 287 2885 335 2927; x_wconf 91' lang='lat' dir='ltr'><strong>me</strong></span> <span class='ocrx_word' id='word_1_155' title='bbox 355 2868 523 2934; x_wconf 75' lang='lat' dir='ltr'><strong>mansuetas</strong></span> <span class='ocrx_word' id='word_1_156' title='bbox 543 2882 602 2924; x_wconf 90' lang='lat' dir='ltr'><strong>uon</strong></span> <span class='ocrx_word' id='word_1_157' title='bbox 622 2862 713 2924; x_wconf 87' lang='lat' dir='ltr'><strong>habet</strong></span> <span class='ocrx_word' id='word_1_158' title='bbox 732 2863 785 2924; x_wconf 91' lang='lat' dir='ltr'><strong>illa</strong></span> <span class='ocrx_word' id='word_1_159' title='bbox 805 2884 918 2928; x_wconf 87' lang='lat' dir='ltr'><strong>manus.</strong></span> <span class='ocrx_word' id='word_1_160' title='bbox 1126 2873 1166 2936; x_wconf 89' lang='lat'><strong>10</strong></span> 
     </span>
    </p>

    <p class='ocr_par' dir='ltr' id='par_1_12' title="bbox 191 2969 1112 3136">
     <span class='ocr_line' id='line_1_24' title="bbox 191 2969 1112 3058; baseline 0.003 -24"><span class='ocrx_word' id='word_1_161' title='bbox 191 2973 256 3035; x_wconf 85' lang='lat' dir='ltr'><strong>Nec</strong></span> <span class='ocrx_word' id='word_1_162' title='bbox 276 2976 375 3032; x_wconf 89' lang='lat' dir='ltr'><strong>tamen</strong></span> <span class='ocrx_word' id='word_1_163' title='bbox 395 2973 442 3031; x_wconf 85' lang='lat' dir='ltr'><strong>cst</strong></span> <span class='ocrx_word' id='word_1_164' title='bbox 461 2969 634 3048; x_wconf 83' lang='lat' dir='ltr'><strong>quisquam,</strong></span> <span class='ocrx_word' id='word_1_165' title='bbox 653 2985 751 3030; x_wconf 87' lang='lat' dir='ltr'><strong>sacros</strong></span> <span class='ocrx_word' id='word_1_166' title='bbox 772 2972 824 3047; x_wconf 89' lang='lat' dir='ltr'><strong>qui</strong></span> <span class='ocrx_word' id='word_1_167' title='bbox 843 2973 943 3034; x_wconf 87' lang='lat' dir='ltr'><strong>laedat</strong></span> <span class='ocrx_word' id='word_1_168' title='bbox 963 2979 1112 3058; x_wconf 62' lang='lat' dir='ltr'><strong>amentem</strong></span> 
     </span>
     <span class='ocr_line' id='line_1_25' title="bbox 235 3072 809 3136; baseline -0.002 -1"><span class='ocrx_word' id='word_1_169' title='bbox 235 3074 363 3136; x_wconf 86' lang='lat' dir='ltr'><strong>Scironis</strong></span> <span class='ocrx_word' id='word_1_170' title='bbox 383 3073 496 3134; x_wconf 84' lang='lat' dir='ltr'><strong>medias</strong></span> <span class='ocrx_word' id='word_1_171' title='bbox 517 3072 561 3132; x_wconf 88' lang='lat' dir='ltr'><strong>sic</strong></span> <span class='ocrx_word' id='word_1_172' title='bbox 580 3072 651 3133; x_wconf 84' lang='lat' dir='ltr'><strong>licet</strong></span> <span class='ocrx_word' id='word_1_173' title='bbox 671 3072 715 3132; x_wconf 90' lang='lat' dir='ltr'><strong>ire</strong></span> <span class='ocrx_word' id='word_1_174' title='bbox 735 3073 809 3136; x_wconf 77' lang='lat' dir='ltr'><strong>vias.</strong></span> 
     </span>
    </p>
   </div>
   <div class='ocr_carea' id='block_1_8' title="bbox 193 3173 1166 3666">
    <p class='ocr_par' dir='ltr' id='par_1_13' title="bbox 193 3173 1067 3361">
     <span class='ocr_line' id='line_1_26' title="bbox 193 3173 1067 3265; baseline 0.006 -25"><span class='ocrx_word' id='word_1_175' title='bbox 193 3177 336 3255; x_wconf 80' lang='lat' dir='ltr'><strong>Quisquis</strong></span> <span class='ocrx_word' id='word_1_176' title='bbox 355 3179 468 3238; x_wconf 86' lang='lat' dir='ltr'><strong>amator</strong></span> <span class='ocrx_word' id='word_1_177' title='bbox 489 3175 559 3255; x_wconf 86' lang='lat' dir='ltr'><strong>erit,</strong></span> <span class='ocrx_word' id='word_1_178' title='bbox 581 3173 728 3252; x_wconf 81' lang='lat' dir='ltr'><strong>Scythicis</strong></span> <span class='ocrx_word' id='word_1_179' title='bbox 748 3176 819 3237; x_wconf 89' lang='lat' dir='ltr'><strong>licet</strong></span> <span class='ocrx_word' id='word_1_180' title='bbox 839 3177 970 3242; x_wconf 81' lang='lat' dir='ltr'><strong>ambulet</strong></span> <span class='ocrx_word' id='word_1_181' title='bbox 991 3183 1067 3265; x_wconf 84' lang='lat' dir='ltr'><strong>oris,</strong></span> 
     </span>
     <span class='ocr_line' id='line_1_27' title="bbox 233 3277 991 3361; baseline 0.003 -18"><span class='ocrx_word' id='word_1_182' title='bbox 233 3281 328 3344; x_wconf 85' lang='lat' dir='ltr'><strong>Nemo</strong></span> <span class='ocrx_word' id='word_1_183' title='bbox 349 3280 439 3361; x_wconf 85' lang='lat' dir='ltr'><strong>adeo,</strong></span> <span class='ocrx_word' id='word_1_184' title='bbox 460 3283 493 3340; x_wconf 90' lang='lat' dir='ltr'><strong>ut</strong></span> <span class='ocrx_word' id='word_1_185' title='bbox 512 3281 633 3358; x_wconf 86' lang='lat' dir='ltr'><strong>noceat,</strong></span> <span class='ocrx_word' id='word_1_186' title='bbox 654 3277 796 3340; x_wconf 86' lang='lat' dir='ltr'><strong>barbarus</strong></span> <span class='ocrx_word' id='word_1_187' title='bbox 816 3299 881 3342; x_wconf 85' lang='lat' dir='ltr'><strong>esse</strong></span> <span class='ocrx_word' id='word_1_188' title='bbox 902 3284 991 3346; x_wconf 84' lang='lat' dir='ltr'><strong>volet.</strong></span> 
     </span>
    </p>

    <p class='ocr_par' dir='ltr' id='par_1_14' title="bbox 194 3381 1166 3570">
     <span class='ocr_line' id='line_1_28' title="bbox 194 3381 1166 3470; baseline 0.006 -22"><span class='ocrx_word' id='word_1_189' title='bbox 194 3383 282 3448; x_wconf 87' lang='lat' dir='ltr'><strong>Luna</strong></span> <span class='ocrx_word' id='word_1_190' title='bbox 301 3383 447 3446; x_wconf 88' lang='lat' dir='ltr'><strong>ministrat</strong></span> <span class='ocrx_word' id='word_1_191' title='bbox 467 3383 539 3446; x_wconf 88' lang='lat' dir='ltr'><strong>iter:</strong></span> <span class='ocrx_word' id='word_1_192' title='bbox 561 3381 761 3442; x_wconf 87' lang='lat' dir='ltr'><strong>demonstrant</strong></span> <span class='ocrx_word' id='word_1_193' title='bbox 780 3387 861 3444; x_wconf 86' lang='lat' dir='ltr'><strong>astra</strong></span> <span class='ocrx_word' id='word_1_194' title='bbox 880 3386 1028 3470; x_wconf 82' lang='lat' dir='ltr'><strong>salebras3</strong></span> <span class='ocrx_word' id='word_1_195' title='bbox 1127 3395 1166 3455; x_wconf 86' lang='lat'><strong>15</strong></span> 
     </span>
     <span class='ocr_line' id='line_1_29' title="bbox 236 3487 926 3570; baseline -0.003 -17"><span class='ocrx_word' id='word_1_196' title='bbox 236 3492 304 3570; x_wconf 88' lang='lat' dir='ltr'><strong>Ipse</strong></span> <span class='ocrx_word' id='word_1_197' title='bbox 325 3488 415 3550; x_wconf 83' lang='lat' dir='ltr'><strong>Amor</strong></span> <span class='ocrx_word' id='word_1_198' title='bbox 435 3505 573 3549; x_wconf 75' lang='lat' dir='ltr'><strong>acconem</strong></span> <span class='ocrx_word' id='word_1_199' title='bbox 594 3487 721 3564; x_wconf 87' lang='lat' dir='ltr'><strong>percutit</strong></span> <span class='ocrx_word' id='word_1_200' title='bbox 740 3491 809 3549; x_wconf 89' lang='lat' dir='ltr'><strong>ante</strong></span> <span class='ocrx_word' id='word_1_201' title='bbox 828 3489 926 3570; x_wconf 80' lang='lat' dir='ltr'><strong>iaces,</strong></span> 
     </span>
    </p>

    <p class='ocr_par' dir='ltr' id='par_1_15' title="bbox 196 3590 958 3666">
     <span class='ocr_line' id='line_1_30' title="bbox 196 3590 958 3666; baseline -0.003 -9"><span class='ocrx_word' id='word_1_202' title='bbox 196 3593 295 3657; x_wconf 79' lang='lat' dir='ltr'><strong>Saeva</strong></span> <span class='ocrx_word' id='word_1_203' title='bbox 314 3609 420 3655; x_wconf 90' lang='lat' dir='ltr'><strong>cauum</strong></span> <span class='ocrx_word' id='word_1_204' title='bbox 439 3590 538 3652; x_wconf 88' lang='lat' dir='ltr'><strong>rabies</strong></span> <span class='ocrx_word' id='word_1_205' title='bbox 560 3607 673 3651; x_wconf 89' lang='lat' dir='ltr'><strong>morsus</strong></span> <span class='ocrx_word' id='word_1_206' title='bbox 693 3591 802 3652; x_wconf 84' lang='lat' dir='ltr'><strong>avertit</strong></span> <span class='ocrx_word' id='word_1_207' title='bbox 821 3590 958 3666; x_wconf 62' lang='lat' dir='ltr'><strong>hiantem</strong></span> 
     </span>
    </p>
   </div>
   <div class='ocr_carea' id='block_1_9' title="bbox 238 3693 1072 3850">
    <p class='ocr_par' dir='ltr' id='par_1_16' title="bbox 238 3693 1072 3850">
     <span class='ocr_line' id='line_1_31' title="bbox 238 3693 942 3774; baseline -0.001 -14"><span class='ocrx_word' id='word_1_208' title='bbox 238 3697 316 3760; x_wconf 87' lang='lat' dir='ltr'><strong>Huic</strong></span> <span class='ocrx_word' id='word_1_209' title='bbox 335 3695 436 3774; x_wconf 82' lang='lat' dir='ltr'><strong>generi</strong></span> <span class='ocrx_word' id='word_1_210' title='bbox 456 3693 561 3774; x_wconf 85' lang='lat' dir='ltr'><strong>quovis</strong></span> <span class='ocrx_word' id='word_1_211' title='bbox 581 3697 712 3773; x_wconf 88' lang='lat' dir='ltr'><strong>tempore</strong></span> <span class='ocrx_word' id='word_1_212' title='bbox 731 3697 797 3756; x_wconf 87' lang='lat' dir='ltr'><strong>tuta</strong></span> <span class='ocrx_word' id='word_1_213' title='bbox 816 3695 867 3756; x_wconf 83' lang='lat' dir='ltr'><strong>via</strong></span> <span class='ocrx_word' id='word_1_214' title='bbox 887 3701 942 3759; x_wconf 88' lang='lat' dir='ltr'><strong>est.</strong></span> 
     </span>
     <span class='ocr_line' id='line_1_32' title="bbox 1041 3801 1072 3850; baseline 0 0"><span class='ocrx_word' id='word_1_215' title='bbox 1041 3801 1072 3850; x_wconf 81' lang='lat' dir='ltr'><strong>n</strong></span> 
     </span>
    </p>
   </div>
   <div class='ocr_carea' id='block_1_10' title="bbox 0 0 1335 4396">
    <p class='ocr_par' dir='ltr' id='par_1_17' title="bbox 0 0 1335 4396">
     <span class='ocr_line' id='line_1_33' title="bbox 0 0 1335 4396; baseline 0 0"><span class='ocrx_word' id='word_1_216' title='bbox 0 0 1335 4396; x_wconf 95' lang='lat' dir='ltr'><strong> </strong></span> 
     </span>
    </p>
   </div>
  </div>
 </body>
</html>
