2642 4396
201 363 207 392 l
703 357 763 418 150

188 533 298 591 dem,
319 531 407 597 perutili
424 547 489 582 nore
502 536 645 597 Μυκη
667 530 757 582 Statius
778 532 849 584 rtet.
866 531 918 592 IV,
935 547 959 582 v.
978 529 1090 582 seu-e:
1110 532 1199 582 Frena
1214 535 1280 581 esau

186 614 276 666 metti
291 614 399 679 inperitae
415 615 533 666 ham.

220 697 263 748 48.
301 698 359 746 ltu
380 695 484 746 mune
499 697 580 763 feeit3
606 695 640 746 sio
662 696 736 746 Godd.
759 711 855 756 omnes,
872 696 1001 746 deformata
1018 695 1150 762 scriptura.
1187 695 1281 746 &sdes

182 779 272 846 faeere
287 778 388 844 intelligi
403 783 482 846 potest
496 779 534 828 vel
546 779 575 828 de
588 794 685 845 corpore
698 779 777 844 Hylae
790 779 815 828 in
829 794 913 844 squam
924 778 1078 845 prolabentis,
1092 779 1135 829 vel
1150 778 1181 829 ds
1194 778 1281 828 elamore

190 876 259 930 quem
281 861 359 911 emisit
377 876 436 927 puer
452 877 506 910 eum
521 861 547 909 in
563 876 634 926 squas
650 860 796 910 trahebatur.
830 859 936 910 Primam
951 860 1177 926 interpretationem
1194 860 1281 910 excludit

189 960 270 994 versus
288 944 421 1009 inssqum=
445 944 486 994 eui
496 945 585 1009 proed
600 944 698 994 Alcides
713 944 788 994 &erat
804 958 932 1008 reponem
955 943 983 992 de
1001 943 1075 994 altere
1091 941 1281 994 Hemsterbusius

190 1029 253 1078 reete
266 1026 397 1076 adnotavit:
418 1041 483 1075 anon
497 1025 552 1074 adeo
567 1025 686 1091 Propertii
698 1040 757 1074 vena
771 1028 907 1084 exaruerat,
924 1027 964 1085 ut,
981 1026 1027 1074 hoe
1041 1027 1061 1074 si
1076 1025 1196 1076 voluisset
1208 1025 1283 1080 dieen,

191 1108 268 1160 verbio
289 1124 337 1157 non
358 1108 433 1158 molto
455 1108 530 1173 magis
552 1108 654 1174 propriis
676 1111 702 1158 et
723 1107 947 1158 eooomodetiouibus
969 1108 1152 1173 expressissetn
1183 1108 1283 1156 Hunoet

191 1189 344 1257 posteriorem
359 1205 452 1240 versum
465 1190 501 1240 ite
512 1189 644 1240 emendavit
655 1189 730 1240 Janus
744 1190 898 1254 Rutgersius:
918 1191 976 1239 Tum
990 1191 1093 1239 sonitum
1108 1195 1185 1257 rapto
1200 1204 1283 1254 copore

185 1271 265 1337 feeit.-
286 1272 399 1334 tulau.
419 1273 464 1321 Cui
479 1275 565 1337 procul
581 1273 679 1322 Alcides
694 1274 770 1322 iterat
783 1287 910 1337 respuam,-
923 1273 968 1322 aed
979 1273 1020 1322 illi
1035 1274 1127 1321 Nomen
1140 1273 1175 1322 ab
1184 1272 1283 1323 extremis

185 1352 300 1418 sontibus
322 1370 384 1402 aura
405 1354 496 1419 refert.-
520 1354 630 1403 Divinam
652 1353 844 1405 Hemsterhusius
867 1353 927 1403 uixit
948 1353 1009 1403 hane
1032 1353 1219 1411 divinationem
1236 1367 1282 1418 quae

191 1439 269 1486 temen
293 1452 341 1485 non
367 1437 466 1501 castigat
490 1436 586 1501 vulgare
611 1436 670 1485 illud
695 1441 718 1486 et
743 1436 868 1486 inamabile
888 1436 991 1486 sonitum
1006 1436 1079 1500 feeit.
1113 1437 1170 1501 Ego
1195 1435 1281 1500 eonjeei:

196 1519 255 1568 Item
276 1521 380 1569 emtum
400 1523 470 1582 rapto
492 1534 589 1583 corpore
599 1519 664 1583 jecit
679 1518 772 1581 Hylas.-
790 1518 928 1585 Propertius
945 1517 998 1568 Lib.
1016 1519 1067 1567 Sec.
1084 1517 1123 1567 El.
1144 1517 1281 1578 11,v.5t2

192 1601 301 1666 {abque
316 1601 467 1650 illacrimans
483 1605 564 1650 mutae
573 1601 633 1665 jace
649 1602 723 1650 verba
734 1601 850 1666 favillae.

226 1682 267 1732 49.
302 1682 373 1730 Hune
394 1698 487 1732 versum
510 1682 644 1732 Fonteinius
667 1683 785 1747 eleganter
808 1681 953 1748 expellebat:
976 1682 1022 1731 Oui
1033 1685 1124 1746 prom
1140 1682 1240 1732 Anides
1253 1684 1282 1730 ter

196 1763 304 1826 „Hyan
327 1765 467 1828 responden
490 1768 517 1814 at
537 1765 577 1813 illi
599 1769 644 1814 eto.
678 1765 724 1814 Sed
746 1779 819 1830 quum
834 1764 903 1815 lectio
920 1779 991 1814 manu
1007 1763 1096 1830 seripta
1112 1765 1231 1815 sententia
1244 1779 1281 1812 non

193 1845 296 1905 laboret,
314 1845 497 1894 emendationem
512 1861 560 1895 non
576 1851 697 1896 mutuatus
714 1863 774 1898 sum.

228 1927 269 1978 51.
303 1929 376 1977 Gron.
393 1929 503 1986 ηιωιίίίες
521 1930 597 1994 Neap.
614 1930 725 1979 monitus.

228 2007 270 2059 52.
304 2009 405 2059 Credere
428 2010 494 2060 enea
520 2009 593 2060 codd.
616 2026 708 2070 omnes,
731 2015 824 2076 praeter
846 2009 1012 2069 Dresdeusem,
1034 2010 1060 2059 in
1082 2026 1129 2076 quo
1146 2009 1281 2076 jeramel

196 2090 360 2155 Gujaeiennm,
382 2091 407 2139 in
429 2107 474 2156 quo
490 2097 557 2141 tutae
573 2092 659 2158 legitur
676 2109 690 2142 a
705 2093 823 2158 scaligero
839 2095 966 2159 receptum.
991 2094 1143 2144 Burmannus
1162 2091 1280 2158 corrigebat
1302 2107 1303 2175 p

195 2179 294 2233 caetus,
316 2174 479 2224 Lachmannus
502 2175 567 2236 fisus.
588 2175 650 2225 cum
670 2175 768 2226 Jeoobio
790 2175 873 2241 opinor
892 2177 957 2226 meus
977 2175 1124 2226 retinendum
1147 2193 1211 2227 esse:
1236 2174 1280 2224 Hae

195 2254 302 2321 exemplo
326 2255 473 2316 admonitus,
499 2256 602 2307 servabis
627 2273 717 2308 amores
742 2262 812 2318 tuos,
838 2274 852 2308 o
874 2261 902 2308 tn
927 2258 967 2324 qni
991 2257 1056 2308 risus
1081 2275 1106 2309 es
1131 2259 1180 2310 tibi
1203 2255 1302 2320 erodm

196 2337 315 2406 Nymphis
332 2339 431 2390 alterum
447 2339 537 2406 Hylen.
1301 2327 1302 2397 i

531 2469 807 2538 nondun
851 2472 947 2540 XIII.

470 2597 532 2644 nn
554 2596 762 2645 rnennro
783 2598 1013 2646 nonense.

393 2696 476 2759 (core
503 2698 548 2756 11,
574 2698 657 2747 earm.
682 2697 729 2756 10,
756 2696 815 2756 111;
840 2698 938 2747 nucum.
965 2698 1009 2757 10,
1033 2697 1089 2759 Ιν.)

214 2808 331 2858 versuum
348 2806 453 2858 ordinem
469 2823 482 2858 a
499 2809 530 2858 17
547 2807 577 2858 ad
593 2808 626 2857 33
642 2808 770 2858 distichum
786 2809 892 2869 restitui,
909 2809 1071 2860 miserabiliter
1086 2810 1113 2859 in
1130 2810 1266 2862 nobilissimo

626 2890 728 2940 carmine
743 2890 859 2940 leuatum.

316 2997 396 3074 Quid
415 3001 536 3081 miram,
556 3020 653 3062 meam
674 3003 700 3063 si
719 3007 819 3064 verset
837 3003 949 3066 femina
968 3006 1075 3086 vitam,

356 3103 396 3163 Et
414 3103 506 3164 trahit
525 3105 674 3166 addietum
695 3105 750 3167 sub
770 3123 824 3168 sua
839 3107 909 3184 jura
928 3109 1039 3188 virum,

316 3204 504 3283 Oriminaque
525 3207 625 3284 ignavi
646 3211 751 3288 eapitis
772 3210 846 3271 mibi
866 3213 965 3289 turpia
984 3211 1087 3293 fingis,

356 3306 442 3382 Quod
461 3325 604 3386 nequeam
625 3311 716 3374 fracto
737 3330 872 3390 rumpere
892 3315 992 3375 vinela
1007 3315 1105 3393 jugo?

317 3409 380 3472 Ista
398 3428 453 3488 ego
472 3415 632 3488 praeterita
647 3417 763 3495 jactavi
783 3418 874 3478 verba
889 3419 1032 3496 juventa:
1258 3411 1272 3470 5

357 3513 406 3572 'Iu
426 3531 503 3573 nuno
523 3518 656 3595 exemplo
677 3520 757 3582 disee
777 3521 880 3581 timere
902 3539 976 3583 meo.

318 3613 478 3677 Venturam
498 3619 602 3680 melius
623 3625 772 3701 praesagit
791 3627 895 3686 navita
914 3631 1043 3704 noetem3

358 3716 536 3783 Vulneribus
556 3722 659 3788 didicit
679 3727 763 3791 miles
783 3728 893 3792 babere
914 3733 1033 3794 metum.
