2624 4398
567 357 605 418 69

67 529 107 580 11.
143 529 381 596 Poeteireebreptus
395 529 524 598 alloquitur
537 529 616 580 subite
630 530 732 598 puellum
749 531 855 582 tnlleoem
871 532 1028 586 comunione.
1045 533 1134 586 Deinde

32 613 133 662 umentis
149 611 269 672 miserius,
285 611 439 678 iugeuuenuuu
456 614 543 674 festus,
560 612 723 663 libertinorum
740 613 876 665 facilitatem
892 615 1010 668 describit

65 719 107 769 12.
141 719 175 766 Ie
196 719 263 768 mse
280 732 371 782 ponere
392 717 463 768 uerba
485 719 536 767 loeo
561 717 635 768 codd.
659 716 776 767 Observot
797 717 922 770 Jeoobiuee
944 719 1081 787 plerumque
1097 725 1134 772 est

30 803 125 850 nullam
147 800 315 850 normalem
337 799 414 850 vertis
435 799 556 858 tribuere,·
581 799 620 850 luis
644 799 713 850 debet
734 815 783 850 esse
806 801 897 852 nullius
919 803 1074 853 auctoritatis
1096 805 1135 854 oet

28 881 144 946 ponderis
159 881 231 932 verba
244 881 362 946 proloqui.
380 881 518 932 Msudosum
531 885 554 932 et
567 881 671 948 ineptum
685 897 740 932 oum
748 883 855 947 Lieiuejo
864 883 1006 950 scripturum
1014 884 1129 936 existimo.

33 962 133 1027 Optime
146 962 252 1028 reposuit
265 961 405 1012 Beroaldus:
425 962 452 1012 iss
465 964 532 1012 nullo
540 964 648 1028 pondere
664 963 735 1014 verba
752 964 832 1029 loqui,·
850 964 911 1029 quod
927 965 1035 1018 firmetur
1052 965 1132 1016 Ovidii

30 1045 132 1094 Heroid.
151 1045 209 1104 ΙΙΙ,
227 1044 272 1094 98ε
289 1045 324 1094 At
337 1061 389 1094 mea
401 1060 446 1110 pro
462 1047 530 1095 nullo
542 1046 650 1110 pondere
665 1045 737 1095 verda
753 1047 852 1096 cadem.

64 1150 106 1198 14.
142 1149 200 1198 Cod
217 1154 245 1200 et
260 1149 358 1199 unibat.
390 1151 497 1215 Guyetue
514 1150 614 1214 oonjeoit
628 1151 730 1201 stridat.-
752 1150 866 1216 uinepteu
885 1153 953 1202 notet
974 1152 1132 1204 Burmannus.

30 1231 93 1278 Mihi
110 1230 200 1296 pluoet;
218 1247 273 1280 uum
290 1231 389 1281 Ovidius
406 1232 461 1281 Art.
478 1232 532 1282 Am.
550 1231 607 1292 111,
624 1232 687 1282 2892
704 1233 955 1292 Illerossatmnem,
972 1234 1132 1300 quiddamqes

29 1315 161 1364 inamabile
183 1327 302 1366 suuuner.
337 1313 450 1363 Nondum
471 1329 507 1362 ree
530 1313 569 1363 hio
594 1316 630 1363 est
654 1314 682 1363 de
704 1313 872 1379 pugillaribus,
889 1314 981 1365 inbellis
998 1319 1039 1366 eut
1055 1315 1131 1368 literis

30 1396 109 1446 missis
126 1396 155 1445 ud
171 1383 253 1446 horum
270 1396 391 1446 dioeudem
407 1399 432 1445 et
447 1396 674 1462 munuspeteudurn.
693 1396 779 1446 Clauso
789 1396 951 1462 junueepurtu
964 1397 1022 1456 fuit3
1032 1401 1131 1456 emetur,

31 1485 157 1545 postquem
180 1477 279 1544 pertulit
301 1477 432 1528 Herculeos
457 1477 565 1538 labores,
591 1479 685 1529 tundem
709 1481 816 1545 roosptus
833 1477 929 1528 brechio
945 1477 1032 1529 omium
1048 1479 1131 1529 tendit.

31 1564 98 1612 Hono
114 1577 170 1611 vero
185 1559 289 1611 stridet:
306 1560 410 1610 meueris
426 1560 512 1625 ecquid
528 1560 625 1611 deles?

64 1666 106 1714 15.
142 1665 253 1715 Custodis
269 1664 359 1724 amari,
376 1665 450 1714 Grou.
467 1667 491 1714 et
508 1666 584 1730 Neep.
601 1663 626 1714 id
642 1666 679 1713 est
695 1662 791 1714 morosi.
809 1662 858 1712 ulii
875 1663 949 1715 Codd.
965 1663 1052 1724 avam,
1069 1663 1131 1728 quod

32 1747 160 1798 Beroaldus
177 1746 272 1812 resopit.

65 1853 105 1902 ll.
139 1853 194 1902 Nos
210 1853 325 1912 veditur,
342 1869 388 1903 nor
406 1835 492 1902 umoris
508 1851 650 1910 revertitur,
668 1850 750 1909 detur,
768 1849 917 1907 conoeditun
933 1848 971 1899 vel
987 1848 1130 1899 noxemoris

33 1933 160 1999 peragitur.
182 1933 430 1986 nummulum.
454 1936 490 1984 Bt
506 1935 564 1984 dees
581 1938 605 1983 et
621 1935 697 1983 dum
713 1933 814 1983 vertitur
830 1933 880 1997 ipse
896 1932 954 1982 dies.
978 1930 1090 1980 Heinsius
1106 1934 1131 1982 et

33 2015 225 2065 Hemsterhueius
242 2020 415 2083 proposuerunt
430 2031 478 2066 suos
494 2015 613 2066 venditur.
632 2016 708 2064 Notut
725 2013 896 2063 Heimreichius
906 2013 1012 2078 januam
1023 2013 1130 2062 clumam

32 2098 237 2158 versusminoris,
255 2098 282 2147 ds
299 2102 421 2164 postorum
439 2099 600 2147 Romanorum
617 2111 696 2155 mors,
713 2095 832 2161 postulare
849 2095 875 2144 iu
891 2094 980 2158 mejore
993 2109 1040 2158 quo
1054 2093 1130 2160 possit

33 2181 125 2240 referri,
147 2183 218 2245 etque
240 2180 358 2245 ingeniose
380 2179 491 2243 conjecit:
515 2181 579 2228 Nam
595 2179 669 2229 cerdo
686 2180 758 2228 unsel
773 2179 800 2228 iss
817 2182 866 2227 toto
883 2177 923 2227 vis
939 2176 1041 2227 vertitur
1057 2191 1128 2228 meno.

33 2262 75 2310 Sed
92 2261 191 2311 consulis
208 2262 341 2326 eonjuuotio
357 2279 413 2311 nem
429 2261 537 2326 frigidior
547 2261 737 2324 videtur,ueque
746 2263 800 2326 epte
808 2257 996 2326 praecedentibus
1005 2257 1125 2316 edhusret;

34 2349 112 2396 contre
126 2345 258 2409 interjectio
280 2345 430 2394 exclamantis
452 2361 523 2409 queam
539 2342 652 2406 mojorem
668 2343 718 2392 vim
734 2341 813 2391 habu.
830 2343 955 2390 Preeteree
971 2340 1056 2390 durum
1072 2355 1128 2390 suus

35 2429 67 2474 eet
78 2425 274 2476 eordiuemsemsl
292 2429 386 2476 tuntum
400 2426 461 2475 verti
475 2425 564 2474 totuin
579 2439 651 2480 unuo;
669 2423 708 2472 sed
724 2422 861 2487 Propertius
878 2419 967 2470 voluit:
982 2436 1052 2486 quem
1061 2435 1126 2481 oure,

35 2511 88 2571 quot
102 2506 234 2567 laboribus,
252 2505 404 2568 eruciatibus,
422 2523 451 2557 ne
468 2507 524 2572 quid
540 2506 617 2555 dicem
633 2506 662 2555 de
674 2505 799 2571 impensis,
817 2519 864 2552 une
880 2518 927 2552 uox
945 2502 987 2552 illu
1004 2502 1103 2552 emiturl

65 2611 105 2660 19.
138 2612 213 2660 Poetn
232 2610 327 2660 foetidis
349 2614 373 2660 et
395 2613 542 2676 oontemptus
559 2610 649 2676 puellae
665 2609 794 2660 describere
811 2610 889 2676 pergit
905 2613 929 2658 et
944 2609 970 2657 in
986 2608 1073 2658 medius
1090 2622 1127 2658 res

35 2693 141 2743 lectorem
156 2693 240 2742 truhit.
257 2723 291 2731 —
313 2693 419 2743 Paeonis
435 2695 528 2744 cordae
539 2694 641 2762 flabella
657 2693 772 2759 superbae
788 2694 855 2742 erunt
871 2689 977 2752 debello,
995 2689 1080 2757 quibus
1097 2690 1127 2742 sd

34 2775 192 2825 ventilandum
208 2775 337 2824 utebantur
353 2775 451 2840 puellae.

64 2874 103 2923 20.
141 2875 210 2923 Deera
224 2873 310 2939 frises
328 2873 416 2922 haim
426 2872 496 2937 pila.-
520 2872 569 2937 pilu
585 2887 613 2920 er
631 2870 758 2936 orystullo,
775 2886 846 2936 quum
862 2870 961 2921 feminee
977 2870 1003 2919 in
1019 2867 1126 2920 menibus

33 2955 145 3008 habebunt
161 2957 191 3006 ed
207 2955 308 3006 culorum
325 2954 412 3020 frigore
429 2954 479 3018 ejus
496 2953 661 3018 mitigandum.
688 2953 729 3002 Ite
745 2953 904 3003 Burmannus.

63 3061 101 3112 21.
135 3061 168 3112 Bt
185 3060 251 3126 eupit
267 3076 305 3110 me
319 3059 370 3123 jum
386 3059 524 3108 irascentem
540 3073 649 3125 poscere,
667 3060 695 3107 ut
711 3073 787 3107 eruum
803 3057 864 3109 tulos
881 3061 926 3108 ete.

62 3169 103 3217 22.
142 3167 209 3217 Vilia
225 3168 301 3226 άωια,
319 3166 458 3216 munuscula
474 3165 535 3230 petit
551 3164 580 3213 eb
596 3179 623 3215 eo
641 3165 682 3229 qui
698 3180 784 3230 mogus
800 3163 855 3213 durs
871 3179 918 3214 non
935 3165 1035 3230 poterut.
1052 3163 1124 3216 user-

34 3246 71 3298 bus
86 3249 110 3299 iu
128 3252 247 3299 umentem
263 3249 430 3314 peupermlum
446 3247 567 3298 derisionis
584 3247 675 3298 modus.

63 3354 102 3405 25.
135 3353 239 3419 Rejeeto
256 3353 357 3412 amictu,
376 3357 431 3418 toga
448 3356 503 3418 post
518 3354 629 3403 humeros
645 3353 745 3417 rejects,
764 3353 815 3402 sinu
832 3351 926 3402 uuduto.

63 3456 102 3506 26,
136 3457 211 3505 Nullo
223 3461 291 3521 septa
306 3456 401 3516 timore,
415 3457 432 3506 i.
448 3473 469 3506 e.
483 3456 582 3517 femine,
600 3473 670 3523 quum
681 3457 800 3524 pedisequi
812 3457 912 3507 stemioi
921 3471 968 3507 uon
977 3455 1125 3507 connituntur.

64 3557 103 3606 ut.
137 3557 235 3604 Seorsm
251 3555 314 3605 viem
330 3557 417 3607 iterum
433 3559 556 3616 nominet;
573 3557 614 3608 ubi
630 3557 687 3607 villu
703 3556 776 3618 done,
793 3557 826 3608 ibi
842 3561 943 3623 togatae.

65 3653 103 3704 34.
136 3654 210 3703 Grou.
234 3657 258 3702 et
279 3653 344 3719 vulg.
368 3655 408 3706 dle
430 3657 542 3721 sopiam
568 3657 644 3723 Neup.
667 3657 805 3706 Drssdeneis
822 3659 846 3706 et
862 3653 1061 3721 Humburgeusisz
1084 3654 1125 3706 Me

37 3734 141 3794 iuverint.
175 3735 286 3786 Jeoobius
309 3736 386 3790 eddite
409 3739 508 3790 fortusse
525 3739 621 3806 jeriel,
645 3738 712 3804 eujus
732 3739 811 3806 glossa
833 3739 931 3805 capiam
952 3736 1026 3788 videri
1042 3736 1124 3804 possit.
