2640 4400
167 391 219 437 x11

207 552 320 611 Plinius
339 551 444 612 Junior
460 551 584 629 epistola
603 554 655 630 15,
673 553 740 612 Lib.
759 552 802 612 VI
821 555 956 616 laudibus
980 557 1062 618 effert
1084 558 1259 621 Persicorum

167 656 247 736 (lege
267 654 471 735 Passennium)
493 655 628 715 Paullum
650 673 832 732 aequaevum
850 676 934 718 suum
951 660 1121 737 clarumque
1137 667 1258 740 poetam

167 779 186 820 a
206 759 358 836 Propertio
378 775 471 835 genus
492 759 645 819 ducentem
666 761 788 838 ejusque
809 762 995 839 municipem.
1029 763 1135 840 Aque
1158 771 1259 827 autem

168 861 307 922 Umbriae
328 862 485 938 municipio
506 862 667 922 Passennia
687 880 760 938 gens
780 863 820 923 sit
840 863 977 941 oriunda,
995 866 1044 924 vel
1055 864 1093 926 in
1110 885 1167 942 quo
1184 869 1259 928 Pas-

168 965 287 1024 sennius
307 964 428 1024 Paullus
448 967 550 1042 uatus,
571 982 666 1041 neque
688 983 704 1023 e
725 964 822 1024 Plinio
842 983 937 1041 neque
958 967 1076 1026 aliunde
1097 969 1256 1046 colligitur.

168 1066 297 1142 Lapides
307 1065 416 1126 Assisii
432 1066 540 1142 reperti
558 1067 773 1143 Propertiorum
791 1070 880 1142 atque
895 1067 1118 1130 Passenniorum
1136 1073 1258 1132 nomina

167 1167 326 1229 referentes
350 1168 502 1245 probabile
527 1168 748 1246 suppeditarent
772 1174 974 1245 argumentum
998 1173 1035 1232 iis
1056 1173 1107 1249 qui
1127 1177 1257 1250 patriam

168 1270 236 1331 Sex.
251 1270 366 1330 Aurelii
381 1269 504 1330 eandem
518 1287 583 1330 esse
594 1289 628 1330 ac
638 1271 709 1330 Diri
719 1271 870 1331 Francisci
881 1273 1072 1354 arbitrentur,
1086 1276 1144 1337 uisi
1155 1281 1259 1337 contra

167 1371 312 1434 Assisium
332 1374 443 1451 pariter
463 1379 640 1435 testarentur
660 1375 750 1435 verba
771 1375 915 1452 supposito
937 1394 1056 1454 cumpo:
1078 1397 1153 1454 quae
1171 1399 1258 1457 aper-

168 1476 280 1536 tissime
307 1477 460 1555 planitiem
488 1478 702 1555 demonstrant,
731 1495 865 1554 quaeque
889 1479 938 1538 vel
959 1479 1092 1540 omnibus
1112 1481 1258 1542 machinis

168 1578 308 1640 adhibitis
327 1599 385 1640 nou
405 1580 499 1657 magis
517 1581 555 1640 ad
573 1579 718 1641 Assisium
737 1599 824 1657 quam
841 1581 879 1640 ad
897 1582 1063 1659 Hispellum
1080 1586 1257 1664 respiciunt,

168 1681 276 1758 oppida
296 1682 326 1740 in
347 1683 488 1743 montium
508 1683 706 1743 cacuminibus
727 1685 831 1744 locata.

208 1785 317 1844 Verum
331 1783 439 1846 Assisii
454 1785 577 1846 studiosi
592 1785 756 1862 opinionem
777 1785 947 1848 confirmant
966 1788 1091 1849 disticho
1113 1789 1259 1868 Astrolopi

169 1886 248 1967 (Lib.
269 1885 379 1962 Quarto
399 1888 728 1970 Pseudopropertiauo):

399 2011 579 2076 scandentisque
595 2013 692 2061 uncle
710 2014 830 2076 consurgit
845 2015 931 2063 vertice
947 2029 1040 2075 murus,

432 2096 517 2143 Murus
535 2093 563 2142 ab
579 2094 671 2158 ingenio
687 2095 765 2144 notior
781 2094 821 2144 ille
837 2098 887 2147 tuo.

168 2209 225 2267 Pro
241 2208 330 2286 orcis,
347 2208 424 2283 quod
440 2207 582 2267 Canterus
597 2208 739 2287 restituit,
757 2209 872 2269 codices
888 2209 959 2268 dant
975 2209 1047 2288 osis,
1067 2211 1151 2288 ossis)
1173 2213 1255 2290 craia,

168 2311 319 2386 omnisque
343 2310 487 2370 dubitatio
512 2314 607 2370 cessat
629 2311 656 2370 si
680 2309 740 2369 usis
762 2328 814 2386 pro
837 2308 951 2370 Assisio
974 2311 1116 2391 accipies3
1144 2315 1259 2391 majora

168 2414 245 2474 enim
262 2415 423 2490 glossarum
440 2413 569 2474 facinora
585 2432 638 2474 nos
654 2415 750 2490 lyncei
762 2415 870 2490 quique
880 2414 1043 2476 literatores
1059 2415 1257 2492 adgredimur.

169 2514 361 2575 Subditicium
374 2516 511 2592 judicans
530 2515 674 2592 Astrolopi
690 2533 822 2594 carmen,
841 2517 974 2575 voculam
993 2517 1052 2577 usis
1070 2537 1157 2580 sensu
1169 2521 1258 2596 plane

168 2621 316 2678 carentem
336 2637 393 2677 uon
413 2636 496 2697 cur03
519 2621 633 2694 tamen,
654 2616 736 2678 hisce
757 2617 969 2693 inpraesentia
986 2620 1117 2700 omissis,
1136 2621 1258 2684 dubium

169 2740 226 2783 uon
246 2725 291 2781 est
307 2713 467 2797 legendum
489 2738 554 2781 esse
577 2718 672 2788 urcis;
699 2719 807 2797 quippe
827 2724 907 2780 recte
932 2723 1043 2794 monuit
1066 2723 1259 2786 Marklandus

169 2823 314 2885 distichon
338 2825 380 2883 nil
407 2823 487 2884 aliud
513 2841 578 2884 esse
598 2828 803 2900 praeterquam
823 2825 954 2902 jocosam
984 2827 1162 2902 palinodiam
1192 2847 1258 2887 ver-

169 2945 253 2987 suum
278 2927 316 2988 65
342 2932 373 2988 et
397 2931 435 2990 66
460 2928 598 2989 carminis
624 2929 659 2988 dc
689 2926 761 2988 Urba
781 2928 874 2989 Romu
895 2927 974 3009 (Lib.
997 2929 1108 3004 Quarto
1129 2931 1259 2992 Pseudo·

168 3030 263 3111 prop.)
284 3031 335 3091 ubi
355 3035 442 3109 poeta
462 3031 587 3107 gloriose
608 3034 794 3091 cantaverat:

366 3151 577 3201 scaunnurns
595 3152 615 3201 a
631 3152 682 3218 qu·
700 3155 777 3202 uerna
794 3153 822 3202 ae
839 3152 937 3204 cautuae
957 3153 1062 3204 aucus

399 3233 496 3298 ingenio
513 3249 593 3283 muros
610 3235 715 3284 aestimet
731 3233 770 3284 ille
786 3251 856 3284 meos.

168 3346 341 3424 Astrologus
369 3347 457 3408 iterat
483 3347 635 3424 laceteque
663 3348 777 3408 deridet
804 3346 957 3426 magnifica
980 3349 1259 3429 p1·aeconia;prop-

168 3455 250 3510 terea
274 3450 352 3526 quod
377 3451 544 3510 scandentes
568 3469 649 3510 arces
670 3455 770 3531 vates,
804 3451 1021 3529 scurrdcotispoa
1049 3450 1125 3510 orcis
1148 3454 1177 3510 et
1194 3451 1258 3528 ipso

170 3553 324 3614 exclamat.
356 3553 443 3614 Vocis
465 3555 610 3632 corruptio
630 3554 727 3631 posita
747 3559 792 3616 est
812 3555 843 3614 in
863 3553 964 3616 oculis.

210 3655 282 3714 Inde
299 3655 333 3716 fit
349 3660 383 3716 ut
399 3657 436 3718 de
455 3657 702 3735 Hispelliensibus
724 3662 753 3719 et
774 3655 917 3718 Assisinis
937 3655 1140 3718 Mevauienses
1157 3657 1257 3716 trium·

171 3756 279 3838 phent3
300 3759 385 3834 sique
410 3759 539 3837 lapidem
564 3765 643 3822 terra
667 3764 697 3823 et
715 3759 873 3828 ruderibus
896 3760 1030 3822 effossum
1053 3763 1152 3840 petas,
1175 3777 1257 3822 suum
