<?xml version="1.0" encoding="UTF-8"?>
<!DOCTYPE html PUBLIC "-//W3C//DTD XHTML 1.0 Transitional//EN"
    "http://www.w3.org/TR/xhtml1/DTD/xhtml1-transitional.dtd">
<html xmlns="http://www.w3.org/1999/xhtml" xml:lang="en" lang="en">
 <head>
  <title>
</title>
<meta http-equiv="Content-Type" content="text/html;charset=utf-8" />
  <meta name='ocr-system' content='tesseract 3.04.00' />
  <meta name='ocr-capabilities' content='ocr_page ocr_carea ocr_par ocr_line ocrx_word'/>
</head>
<body>
  <div class='ocr_page' id='page_1' title='image "./cynthiacumlibro00carugoog_0298.png"; bbox 0 0 2642 4396; ppageno 0'>
   <div class='ocr_carea' id='block_1_1' title="bbox 619 324 678 383">
    <p class='ocr_par' dir='ltr' id='par_1_1' title="bbox 619 324 678 383">
     <span class='ocr_line' id='line_1_1' title="bbox 619 324 678 383; baseline 0 -1"><span class='ocrx_word' id='word_1_1' title='bbox 619 324 678 383; x_wconf 73' lang='lat'><strong>229</strong></span> 
     </span>
    </p>
   </div>
   <div class='ocr_carea' id='block_1_2' title="bbox 168 494 1163 644">
    <p class='ocr_par' dir='ltr' id='par_1_2' title="bbox 168 494 1163 644">
     <span class='ocr_line' id='line_1_2' title="bbox 168 494 1163 564; baseline 0.007 -19"><span class='ocrx_word' id='word_1_2' title='bbox 168 500 209 545; x_wconf 83' lang='lat' dir='ltr'><strong>aut</strong></span> <span class='ocrx_word' id='word_1_3' title='bbox 232 495 345 545; x_wconf 86' lang='lat' dir='ltr'><strong>Nomadis</strong></span> <span class='ocrx_word' id='word_1_4' title='bbox 366 494 456 554; x_wconf 72' lang='lat' dir='ltr'><strong>sadus,</strong></span> <span class='ocrx_word' id='word_1_5' title='bbox 478 509 551 559; x_wconf 63' lang='lat' dir='ltr'><strong>aque</strong></span> <span class='ocrx_word' id='word_1_6' title='bbox 571 498 652 544; x_wconf 75' lang='lat' dir='ltr'><strong>amau</strong></span> <span class='ocrx_word' id='word_1_7' title='bbox 673 495 767 561; x_wconf 75' lang='lat' dir='ltr'><strong>cyclade</strong></span> <span class='ocrx_word' id='word_1_8' title='bbox 788 497 869 548; x_wconf 83' lang='lat' dir='ltr'><strong>limiae</strong></span> <span class='ocrx_word' id='word_1_9' title='bbox 891 514 933 548; x_wconf 79' lang='lat' dir='ltr'><strong>sua</strong></span> <span class='ocrx_word' id='word_1_10' title='bbox 953 497 1073 564; x_wconf 75' lang='lat' dir='ltr'><strong>signabat,</strong></span> <span class='ocrx_word' id='word_1_11' title='bbox 1097 501 1163 556; x_wconf 73' lang='lat' dir='ltr'><strong>Quae</strong></span> 
     </span>
     <span class='ocr_line' id='line_1_3' title="bbox 170 578 757 644; baseline -0.002 -15"><span class='ocrx_word' id='word_1_12' title='bbox 170 581 237 629; x_wconf 75' lang='lat' dir='ltr'><strong>modo</strong></span> <span class='ocrx_word' id='word_1_13' title='bbox 248 595 294 644; x_wconf 83' lang='lat' dir='ltr'><strong>per</strong></span> <span class='ocrx_word' id='word_1_14' title='bbox 311 578 369 628; x_wconf 68' lang='lat' dir='ltr'><strong>viles</strong></span> <span class='ocrx_word' id='word_1_15' title='bbox 385 578 491 642; x_wconf 79' lang='lat' dir='ltr'><strong>inspecta</strong></span> <span class='ocrx_word' id='word_1_16' title='bbox 507 583 543 628; x_wconf 77' lang='lat' dir='ltr'><strong>eet</strong></span> <span class='ocrx_word' id='word_1_17' title='bbox 557 579 655 644; x_wconf 79' lang='lat' dir='ltr'><strong>publica</strong></span> <span class='ocrx_word' id='word_1_18' title='bbox 671 585 757 628; x_wconf 80' lang='lat' dir='ltr'><strong>noctes.</strong></span> 
     </span>
    </p>
   </div>
   <div class='ocr_carea' id='block_1_3' title="bbox 220 696 1190 1194">
    <p class='ocr_par' dir='ltr' id='par_1_3' title="bbox 222 696 974 878">
     <span class='ocr_line' id='line_1_4' title="bbox 222 696 974 778; baseline 0.001 -20"><span class='ocrx_word' id='word_1_19' title='bbox 222 698 295 760; x_wconf 83' lang='lat' dir='ltr'><strong>Sunt</strong></span> <span class='ocrx_word' id='word_1_20' title='bbox 315 696 429 774; x_wconf 91' lang='lat' dir='ltr'><strong>aliquid</strong></span> <span class='ocrx_word' id='word_1_21' title='bbox 448 713 565 758; x_wconf 87' lang='lat' dir='ltr'><strong>manes:</strong></span> <span class='ocrx_word' id='word_1_22' title='bbox 587 697 678 758; x_wconf 89' lang='lat' dir='ltr'><strong>letum</strong></span> <span class='ocrx_word' id='word_1_23' title='bbox 698 715 756 759; x_wconf 91' lang='lat' dir='ltr'><strong>non</strong></span> <span class='ocrx_word' id='word_1_24' title='bbox 778 699 875 759; x_wconf 88' lang='lat' dir='ltr'><strong>omnia</strong></span> <span class='ocrx_word' id='word_1_25' title='bbox 895 698 974 778; x_wconf 88' lang='lat' dir='ltr'><strong>finit,</strong></span> 
     </span>
     <span class='ocr_line' id='line_1_5' title="bbox 261 799 924 878; baseline 0.006 -18"><span class='ocrx_word' id='word_1_26' title='bbox 261 799 431 876; x_wconf 78' lang='lat' dir='ltr'><strong>Lucidaque</strong></span> <span class='ocrx_word' id='word_1_27' title='bbox 453 799 562 860; x_wconf 84' lang='lat' dir='ltr'><strong>euictos</strong></span> <span class='ocrx_word' id='word_1_28' title='bbox 583 800 686 878; x_wconf 82' lang='lat' dir='ltr'><strong>effugit</strong></span> <span class='ocrx_word' id='word_1_29' title='bbox 705 800 809 860; x_wconf 91' lang='lat' dir='ltr'><strong>umbra</strong></span> <span class='ocrx_word' id='word_1_30' title='bbox 829 819 924 878; x_wconf 85' lang='lat' dir='ltr'><strong>rogos.</strong></span> 
     </span>
    </p>

    <p class='ocr_par' dir='ltr' id='par_1_4' title="bbox 221 903 1044 1090">
     <span class='ocr_line' id='line_1_6' title="bbox 221 903 1044 988; baseline 0.007 -24"><span class='ocrx_word' id='word_1_31' title='bbox 221 903 350 980; x_wconf 84' lang='lat' dir='ltr'><strong>Cynthia</strong></span> <span class='ocrx_word' id='word_1_32' title='bbox 369 919 494 979; x_wconf 87' lang='lat' dir='ltr'><strong>namque</strong></span> <span class='ocrx_word' id='word_1_33' title='bbox 516 921 580 964; x_wconf 89' lang='lat' dir='ltr'><strong>meo</strong></span> <span class='ocrx_word' id='word_1_34' title='bbox 599 904 666 964; x_wconf 86' lang='lat' dir='ltr'><strong>visa</strong></span> <span class='ocrx_word' id='word_1_35' title='bbox 686 908 731 964; x_wconf 88' lang='lat' dir='ltr'><strong>est</strong></span> <span class='ocrx_word' id='word_1_36' title='bbox 751 905 917 967; x_wconf 82' lang='lat' dir='ltr'><strong>incumbere</strong></span> <span class='ocrx_word' id='word_1_37' title='bbox 937 907 1044 988; x_wconf 87' lang='lat' dir='ltr'><strong>fulcro,</strong></span> 
     </span>
     <span class='ocr_line' id='line_1_7' title="bbox 260 1007 973 1090; baseline 0.006 -23"><span class='ocrx_word' id='word_1_38' title='bbox 260 1008 391 1068; x_wconf 88' lang='lat' dir='ltr'><strong>Murmur</strong></span> <span class='ocrx_word' id='word_1_39' title='bbox 410 1007 448 1068; x_wconf 88' lang='lat' dir='ltr'><strong>ad</strong></span> <span class='ocrx_word' id='word_1_40' title='bbox 469 1011 616 1068; x_wconf 81' lang='lat' dir='ltr'><strong>extremae</strong></span> <span class='ocrx_word' id='word_1_41' title='bbox 637 1025 729 1085; x_wconf 86' lang='lat' dir='ltr'><strong>nuper</strong></span> <span class='ocrx_word' id='word_1_42' title='bbox 749 1008 870 1070; x_wconf 87' lang='lat' dir='ltr'><strong>humata</strong></span> <span class='ocrx_word' id='word_1_43' title='bbox 889 1011 973 1090; x_wconf 89' lang='lat' dir='ltr'><strong>viae,</strong></span> 
     </span>
    </p>

    <p class='ocr_par' dir='ltr' id='par_1_5' title="bbox 220 1110 1190 1194">
     <span class='ocr_line' id='line_1_8' title="bbox 220 1110 1190 1194; baseline 0.005 -22"><span class='ocrx_word' id='word_1_44' title='bbox 220 1110 293 1172; x_wconf 80' lang='lat' dir='ltr'><strong>(lum</strong></span> <span class='ocrx_word' id='word_1_45' title='bbox 313 1110 387 1170; x_wconf 91' lang='lat' dir='ltr'><strong>mihi</strong></span> <span class='ocrx_word' id='word_1_46' title='bbox 407 1129 524 1172; x_wconf 76' lang='lat' dir='ltr'><strong>mmnus</strong></span> <span class='ocrx_word' id='word_1_47' title='bbox 544 1111 582 1171; x_wconf 88' lang='lat' dir='ltr'><strong>ab</strong></span> <span class='ocrx_word' id='word_1_48' title='bbox 603 1112 736 1187; x_wconf 84' lang='lat' dir='ltr'><strong>exequiis</strong></span> <span class='ocrx_word' id='word_1_49' title='bbox 756 1114 898 1188; x_wconf 81' lang='lat' dir='ltr'><strong>penderet</strong></span> <span class='ocrx_word' id='word_1_50' title='bbox 917 1117 1040 1194; x_wconf 87' lang='lat' dir='ltr'><strong>amoris,</strong></span> <span class='ocrx_word' id='word_1_51' title='bbox 1171 1118 1190 1177; x_wconf 80' lang='lat'>5</span> 
     </span>
    </p>
   </div>
   <div class='ocr_carea' id='block_1_4' title="bbox 88 1215 1192 3766">
    <p class='ocr_par' dir='ltr' id='par_1_6' title="bbox 260 1215 873 1299">
     <span class='ocr_line' id='line_1_9' title="bbox 260 1215 873 1299; baseline 0.003 -24"><span class='ocrx_word' id='word_1_52' title='bbox 260 1215 301 1275; x_wconf 83' lang='lat' dir='ltr'><strong>Et</strong></span> <span class='ocrx_word' id='word_1_53' title='bbox 321 1233 458 1292; x_wconf 88' lang='lat' dir='ltr'><strong>quererer</strong></span> <span class='ocrx_word' id='word_1_54' title='bbox 478 1217 547 1299; x_wconf 88' lang='lat' dir='ltr'><strong>lecti</strong></span> <span class='ocrx_word' id='word_1_55' title='bbox 566 1216 674 1293; x_wconf 83' lang='lat' dir='ltr'><strong>frigida</strong></span> <span class='ocrx_word' id='word_1_56' title='bbox 694 1235 786 1293; x_wconf 88' lang='lat' dir='ltr'><strong>regna</strong></span> <span class='ocrx_word' id='word_1_57' title='bbox 805 1218 873 1277; x_wconf 88' lang='lat' dir='ltr'><strong>mei.</strong></span> 
     </span>
    </p>

    <p class='ocr_par' dir='ltr' id='par_1_7' title="bbox 220 1318 1071 1502">
     <span class='ocr_line' id='line_1_10' title="bbox 220 1318 1071 1400; baseline 0.006 -23"><span class='ocrx_word' id='word_1_58' title='bbox 220 1319 348 1380; x_wconf 86' lang='lat' dir='ltr'><strong>Eosdem</strong></span> <span class='ocrx_word' id='word_1_59' title='bbox 367 1318 472 1379; x_wconf 88' lang='lat' dir='ltr'><strong>habuit</strong></span> <span class='ocrx_word' id='word_1_60' title='bbox 491 1337 602 1398; x_wconf 86' lang='lat' dir='ltr'><strong>secum,</strong></span> <span class='ocrx_word' id='word_1_61' title='bbox 625 1319 731 1396; x_wconf 86' lang='lat' dir='ltr'><strong>quibus</strong></span> <span class='ocrx_word' id='word_1_62' title='bbox 752 1323 797 1380; x_wconf 90' lang='lat' dir='ltr'><strong>est</strong></span> <span class='ocrx_word' id='word_1_63' title='bbox 818 1321 912 1399; x_wconf 85' lang='lat' dir='ltr'><strong>elata,</strong></span> <span class='ocrx_word' id='word_1_64' title='bbox 934 1320 1071 1400; x_wconf 90' lang='lat' dir='ltr'><strong>capillos,</strong></span> 
     </span>
     <span class='ocr_line' id='line_1_11' title="bbox 260 1421 956 1502; baseline 0.001 -20"><span class='ocrx_word' id='word_1_65' title='bbox 260 1421 387 1482; x_wconf 79' lang='lat' dir='ltr'><strong>Eosdem</strong></span> <span class='ocrx_word' id='word_1_66' title='bbox 407 1422 521 1482; x_wconf 91' lang='lat' dir='ltr'><strong>oculos:</strong></span> <span class='ocrx_word' id='word_1_67' title='bbox 542 1423 626 1482; x_wconf 89' lang='lat' dir='ltr'><strong>lateri</strong></span> <span class='ocrx_word' id='word_1_68' title='bbox 647 1423 739 1482; x_wconf 88' lang='lat' dir='ltr'><strong>vestis</strong></span> <span class='ocrx_word' id='word_1_69' title='bbox 760 1423 866 1484; x_wconf 86' lang='lat' dir='ltr'><strong>adusta</strong></span> <span class='ocrx_word' id='word_1_70' title='bbox 885 1421 956 1502; x_wconf 82' lang='lat' dir='ltr'><strong>fuit3</strong></span> 
     </span>
    </p>

    <p class='ocr_par' dir='ltr' id='par_1_8' title="bbox 221 1523 1192 1704">
     <span class='ocr_line' id='line_1_12' title="bbox 221 1523 938 1603; baseline 0.003 -21"><span class='ocrx_word' id='word_1_71' title='bbox 221 1523 261 1583; x_wconf 79' lang='lat' dir='ltr'><strong>Et</strong></span> <span class='ocrx_word' id='word_1_72' title='bbox 280 1524 397 1583; x_wconf 88' lang='lat' dir='ltr'><strong>solitum</strong></span> <span class='ocrx_word' id='word_1_73' title='bbox 417 1524 510 1600; x_wconf 81' lang='lat' dir='ltr'><strong>digito</strong></span> <span class='ocrx_word' id='word_1_74' title='bbox 529 1524 664 1600; x_wconf 86' lang='lat' dir='ltr'><strong>beryllon</strong></span> <span class='ocrx_word' id='word_1_75' title='bbox 685 1524 825 1584; x_wconf 84' lang='lat' dir='ltr'><strong>adederat</strong></span> <span class='ocrx_word' id='word_1_76' title='bbox 845 1526 938 1603; x_wconf 88' lang='lat' dir='ltr'><strong>ignis,</strong></span> 
     </span>
     <span class='ocr_line' id='line_1_13' title="bbox 261 1625 1192 1704; baseline 0.005 -19"><span class='ocrx_word' id='word_1_77' title='bbox 261 1625 437 1702; x_wconf 86' lang='lat' dir='ltr'><strong>Summaque</strong></span> <span class='ocrx_word' id='word_1_78' title='bbox 457 1626 605 1686; x_wconf 87' lang='lat' dir='ltr'><strong>Lethaeus</strong></span> <span class='ocrx_word' id='word_1_79' title='bbox 625 1627 748 1687; x_wconf 87' lang='lat' dir='ltr'><strong>triverat</strong></span> <span class='ocrx_word' id='word_1_80' title='bbox 768 1644 819 1688; x_wconf 87' lang='lat' dir='ltr'><strong>ora</strong></span> <span class='ocrx_word' id='word_1_81' title='bbox 838 1628 942 1704; x_wconf 89' lang='lat' dir='ltr'><strong>liquor.</strong></span> <span class='ocrx_word' id='word_1_82' title='bbox 1153 1632 1192 1691; x_wconf 92' lang='lat'><strong>10</strong></span> 
     </span>
    </p>

    <p class='ocr_par' dir='ltr' id='par_1_9' title="bbox 221 1728 1002 1907">
     <span class='ocr_line' id='line_1_14' title="bbox 221 1728 1002 1816; baseline 0.004 -28"><span class='ocrx_word' id='word_1_83' title='bbox 221 1728 423 1805; x_wconf 72' lang='lat' dir='ltr'><strong>spirantisque</strong></span> <span class='ocrx_word' id='word_1_84' title='bbox 444 1730 556 1789; x_wconf 89' lang='lat' dir='ltr'><strong>animos</strong></span> <span class='ocrx_word' id='word_1_85' title='bbox 577 1734 607 1790; x_wconf 91' lang='lat' dir='ltr'><strong>et</strong></span> <span class='ocrx_word' id='word_1_86' title='bbox 627 1747 728 1790; x_wconf 90' lang='lat' dir='ltr'><strong>vocem</strong></span> <span class='ocrx_word' id='word_1_87' title='bbox 749 1729 844 1810; x_wconf 86' lang='lat' dir='ltr'><strong>misit;</strong></span> <span class='ocrx_word' id='word_1_88' title='bbox 867 1731 961 1791; x_wconf 90' lang='lat' dir='ltr'><strong>atilli</strong></span> <span class='ocrx_word' id='word_1_89' title='bbox 1000 1809 1002 1816; x_wconf 15' lang='grc' dir='ltr'><em>γ</em></span> 
     </span>
     <span class='ocr_line' id='line_1_15' title="bbox 260 1830 892 1907; baseline 0.003 -17"><span class='ocrx_word' id='word_1_90' title='bbox 260 1830 420 1892; x_wconf 89' lang='lat' dir='ltr'><strong>Pollicibus</strong></span> <span class='ocrx_word' id='word_1_91' title='bbox 439 1830 559 1907; x_wconf 83' lang='lat' dir='ltr'><strong>fragiles</strong></span> <span class='ocrx_word' id='word_1_92' title='bbox 580 1830 749 1907; x_wconf 79' lang='lat' dir='ltr'><strong>increpuere</strong></span> <span class='ocrx_word' id='word_1_93' title='bbox 769 1848 892 1892; x_wconf 88' lang='lat' dir='ltr'><strong>manus:</strong></span> 
     </span>
    </p>

    <p class='ocr_par' dir='ltr' id='par_1_10' title="bbox 223 1933 1053 2114">
     <span class='ocr_line' id='line_1_16' title="bbox 223 1933 1053 2015; baseline 0.004 -21"><span class='ocrx_word' id='word_1_94' title='bbox 223 1933 381 2012; x_wconf 87' lang='lat' dir='ltr'><strong>,Perfide,</strong></span> <span class='ocrx_word' id='word_1_95' title='bbox 403 1951 457 1993; x_wconf 88' lang='lat' dir='ltr'><strong>nee</strong></span> <span class='ocrx_word' id='word_1_96' title='bbox 477 1933 613 2009; x_wconf 89' lang='lat' dir='ltr'><strong>cuiquam</strong></span> <span class='ocrx_word' id='word_1_97' title='bbox 635 1933 737 1992; x_wconf 91' lang='lat' dir='ltr'><strong>melior</strong></span> <span class='ocrx_word' id='word_1_98' title='bbox 757 1933 901 2009; x_wconf 82' lang='lat' dir='ltr'><strong>sperande</strong></span> <span class='ocrx_word' id='word_1_99' title='bbox 922 1936 1053 2015; x_wconf 87' lang='lat' dir='ltr'><strong>puellae,</strong></span> 
     </span>
     <span class='ocr_line' id='line_1_17' title="bbox 260 2035 929 2114; baseline 0.004 -19"><span class='ocrx_word' id='word_1_100' title='bbox 260 2038 344 2097; x_wconf 85' lang='lat' dir='ltr'><strong>Inte</strong></span> <span class='ocrx_word' id='word_1_101' title='bbox 360 2036 424 2114; x_wconf 89' lang='lat' dir='ltr'><strong>jam</strong></span> <span class='ocrx_word' id='word_1_102' title='bbox 444 2036 523 2096; x_wconf 86' lang='lat' dir='ltr'><strong>vires</strong></span> <span class='ocrx_word' id='word_1_103' title='bbox 543 2053 660 2097; x_wconf 90' lang='lat' dir='ltr'><strong>somnus</strong></span> <span class='ocrx_word' id='word_1_104' title='bbox 680 2035 790 2096; x_wconf 90' lang='lat' dir='ltr'><strong>habere</strong></span> <span class='ocrx_word' id='word_1_105' title='bbox 810 2037 929 2114; x_wconf 80' lang='lat' dir='ltr'><strong>potest?</strong></span> 
     </span>
    </p>

    <p class='ocr_par' dir='ltr' id='par_1_11' title="bbox 218 2140 998 2306">
     <span class='ocr_line' id='line_1_18' title="bbox 218 2140 998 2221; baseline -0.001 -17"><span class='ocrx_word' id='word_1_106' title='bbox 218 2144 323 2204; x_wconf 89' lang='lat' dir='ltr'><strong>Jamne</strong></span> <span class='ocrx_word' id='word_1_107' title='bbox 343 2142 397 2202; x_wconf 90' lang='lat' dir='ltr'><strong>tibi</strong></span> <span class='ocrx_word' id='word_1_108' title='bbox 418 2141 587 2202; x_wconf 84' lang='lat' dir='ltr'><strong>exciderant</strong></span> <span class='ocrx_word' id='word_1_109' title='bbox 606 2140 742 2217; x_wconf 82' lang='lat' dir='ltr'><strong>vigilucis</strong></span> <span class='ocrx_word' id='word_1_110' title='bbox 763 2145 841 2203; x_wconf 89' lang='lat' dir='ltr'><strong>tecta</strong></span> <span class='ocrx_word' id='word_1_111' title='bbox 861 2143 998 2221; x_wconf 86' lang='lat' dir='ltr'><strong>subacta,</strong></span> 
     </span>
     <span class='ocr_line' id='line_1_19' title="bbox 257 2242 913 2306; baseline 0 -2"><span class='ocrx_word' id='word_1_112' title='bbox 257 2245 297 2304; x_wconf 84' lang='lat' dir='ltr'><strong>Et</strong></span> <span class='ocrx_word' id='word_1_113' title='bbox 317 2262 384 2304; x_wconf 90' lang='lat' dir='ltr'><strong>mea</strong></span> <span class='ocrx_word' id='word_1_114' title='bbox 402 2243 551 2304; x_wconf 81' lang='lat' dir='ltr'><strong>nocturnis</strong></span> <span class='ocrx_word' id='word_1_115' title='bbox 572 2242 642 2303; x_wconf 87' lang='lat' dir='ltr'><strong>trita</strong></span> <span class='ocrx_word' id='word_1_116' title='bbox 661 2243 791 2305; x_wconf 87' lang='lat' dir='ltr'><strong>fenestre</strong></span> <span class='ocrx_word' id='word_1_117' title='bbox 812 2244 913 2306; x_wconf 81' lang='lat' dir='ltr'><strong>dolis?</strong></span> 
     </span>
    </p>

    <p class='ocr_par' dir='ltr' id='par_1_12' title="bbox 216 2347 1010 2510">
     <span class='ocr_line' id='line_1_20' title="bbox 216 2347 1010 2425; baseline -0.003 -16"><span class='ocrx_word' id='word_1_118' title='bbox 216 2350 274 2409; x_wconf 89' lang='lat' dir='ltr'><strong>Per</strong></span> <span class='ocrx_word' id='word_1_119' title='bbox 294 2365 382 2425; x_wconf 88' lang='lat' dir='ltr'><strong>quam</strong></span> <span class='ocrx_word' id='word_1_120' title='bbox 402 2347 529 2408; x_wconf 88' lang='lat' dir='ltr'><strong>demisso</strong></span> <span class='ocrx_word' id='word_1_121' title='bbox 549 2347 683 2423; x_wconf 88' lang='lat' dir='ltr'><strong>quotiens</strong></span> <span class='ocrx_word' id='word_1_122' title='bbox 703 2347 758 2408; x_wconf 90' lang='lat' dir='ltr'><strong>tibi</strong></span> <span class='ocrx_word' id='word_1_123' title='bbox 778 2347 847 2408; x_wconf 81' lang='lat' dir='ltr'><strong>sume</strong></span> <span class='ocrx_word' id='word_1_124' title='bbox 869 2347 1010 2425; x_wconf 88' lang='lat' dir='ltr'><strong>pependi,</strong></span> 
     </span>
     <span class='ocr_line' id='line_1_21' title="bbox 258 2449 865 2510; baseline -0.002 0"><span class='ocrx_word' id='word_1_125' title='bbox 258 2450 382 2510; x_wconf 87' lang='lat' dir='ltr'><strong>Alterna</strong></span> <span class='ocrx_word' id='word_1_126' title='bbox 401 2449 523 2509; x_wconf 86' lang='lat' dir='ltr'><strong>veniens</strong></span> <span class='ocrx_word' id='word_1_127' title='bbox 543 2449 573 2508; x_wconf 90' lang='lat' dir='ltr'><strong>iu</strong></span> <span class='ocrx_word' id='word_1_128' title='bbox 594 2451 646 2508; x_wconf 85' lang='lat' dir='ltr'><strong>tua</strong></span> <span class='ocrx_word' id='word_1_129' title='bbox 666 2450 742 2508; x_wconf 88' lang='lat' dir='ltr'><strong>colla</strong></span> <span class='ocrx_word' id='word_1_130' title='bbox 762 2450 865 2509; x_wconf 83' lang='lat' dir='ltr'><strong>mauu!</strong></span> 
     </span>
    </p>

    <p class='ocr_par' dir='ltr' id='par_1_13' title="bbox 218 2553 1051 2734">
     <span class='ocr_line' id='line_1_22' title="bbox 218 2553 1051 2632; baseline 0 -16"><span class='ocrx_word' id='word_1_131' title='bbox 218 2554 313 2632; x_wconf 79' lang='lat' dir='ltr'><strong>Saepe</strong></span> <span class='ocrx_word' id='word_1_132' title='bbox 334 2554 434 2614; x_wconf 89' lang='lat' dir='ltr'><strong>Venus</strong></span> <span class='ocrx_word' id='word_1_133' title='bbox 455 2553 543 2614; x_wconf 90' lang='lat' dir='ltr'><strong>trivio</strong></span> <span class='ocrx_word' id='word_1_134' title='bbox 563 2553 719 2614; x_wconf 88' lang='lat' dir='ltr'><strong>commissa</strong></span> <span class='ocrx_word' id='word_1_135' title='bbox 740 2556 801 2632; x_wconf 86' lang='lat' dir='ltr'><strong>est,</strong></span> <span class='ocrx_word' id='word_1_136' title='bbox 823 2557 939 2629; x_wconf 88' lang='lat' dir='ltr'><strong>pectore</strong></span> <span class='ocrx_word' id='word_1_137' title='bbox 959 2554 1051 2616; x_wconf 86' lang='lat' dir='ltr'><strong>mixto</strong></span> 
     </span>
     <span class='ocr_line' id='line_1_23' title="bbox 257 2656 863 2734; baseline -0.007 -16"><span class='ocrx_word' id='word_1_138' title='bbox 257 2659 402 2718; x_wconf 80' lang='lat' dir='ltr'><strong>Fecerunt</strong></span> <span class='ocrx_word' id='word_1_139' title='bbox 423 2656 537 2734; x_wconf 85' lang='lat' dir='ltr'><strong>tepidas</strong></span> <span class='ocrx_word' id='word_1_140' title='bbox 558 2656 650 2732; x_wconf 87' lang='lat' dir='ltr'><strong>pallia</strong></span> <span class='ocrx_word' id='word_1_141' title='bbox 670 2660 770 2716; x_wconf 85' lang='lat' dir='ltr'><strong>nostra</strong></span> <span class='ocrx_word' id='word_1_142' title='bbox 790 2657 863 2716; x_wconf 89' lang='lat' dir='ltr'><strong>vias.</strong></span> 
     </span>
    </p>

    <p class='ocr_par' dir='ltr' id='par_1_14' title="bbox 217 2757 910 2940">
     <span class='ocr_line' id='line_1_24' title="bbox 217 2757 910 2836; baseline -0.003 -16"><span class='ocrx_word' id='word_1_143' title='bbox 217 2760 357 2822; x_wconf 81' lang='lat' dir='ltr'><strong>Foederis</strong></span> <span class='ocrx_word' id='word_1_144' title='bbox 377 2760 436 2821; x_wconf 86' lang='lat' dir='ltr'><strong>heu</strong></span> <span class='ocrx_word' id='word_1_145' title='bbox 456 2760 555 2820; x_wconf 87' lang='lat' dir='ltr'><strong>tacitil</strong></span> <span class='ocrx_word' id='word_1_146' title='bbox 577 2759 659 2836; x_wconf 92' lang='lat' dir='ltr'><strong>cujus</strong></span> <span class='ocrx_word' id='word_1_147' title='bbox 680 2757 799 2818; x_wconf 82' lang='lat' dir='ltr'><strong>fallacia</strong></span> <span class='ocrx_word' id='word_1_148' title='bbox 819 2758 910 2818; x_wconf 89' lang='lat' dir='ltr'><strong>verba</strong></span> 
     </span>
     <span class='ocr_line' id='line_1_25' title="bbox 256 2863 739 2940; baseline -0.006 -16"><span class='ocrx_word' id='word_1_149' title='bbox 256 2866 323 2926; x_wconf 88' lang='lat' dir='ltr'><strong>Non</strong></span> <span class='ocrx_word' id='word_1_150' title='bbox 342 2864 470 2925; x_wconf 84' lang='lat' dir='ltr'><strong>audituri</strong></span> <span class='ocrx_word' id='word_1_151' title='bbox 491 2863 639 2940; x_wconf 86' lang='lat' dir='ltr'><strong>diripuere</strong></span> <span class='ocrx_word' id='word_1_152' title='bbox 659 2863 739 2924; x_wconf 88' lang='lat' dir='ltr'><strong>Noti.</strong></span> 
     </span>
    </p>

    <p class='ocr_par' dir='ltr' id='par_1_15' title="bbox 218 2964 1027 3145">
     <span class='ocr_line' id='line_1_26' title="bbox 218 2964 1027 3041; baseline -0.004 -14"><span class='ocrx_word' id='word_1_153' title='bbox 218 2968 258 3028; x_wconf 86' lang='lat' dir='ltr'><strong>At</strong></span> <span class='ocrx_word' id='word_1_154' title='bbox 277 2967 351 3027; x_wconf 90' lang='lat' dir='ltr'><strong>mihi</strong></span> <span class='ocrx_word' id='word_1_155' title='bbox 371 2985 428 3027; x_wconf 91' lang='lat' dir='ltr'><strong>non</strong></span> <span class='ocrx_word' id='word_1_156' title='bbox 448 2967 547 3026; x_wconf 91' lang='lat' dir='ltr'><strong>oculos</strong></span> <span class='ocrx_word' id='word_1_157' title='bbox 565 2965 722 3041; x_wconf 89' lang='lat' dir='ltr'><strong>quisquam</strong></span> <span class='ocrx_word' id='word_1_158' title='bbox 741 2964 893 3024; x_wconf 88' lang='lat' dir='ltr'><strong>inclinavit</strong></span> <span class='ocrx_word' id='word_1_159' title='bbox 914 2965 1027 3026; x_wconf 86' lang='lat' dir='ltr'><strong>euntis:</strong></span> 
     </span>
     <span class='ocr_line' id='line_1_27' title="bbox 255 3066 914 3145; baseline -0.011 -14"><span class='ocrx_word' id='word_1_160' title='bbox 255 3071 353 3132; x_wconf 92' lang='lat' dir='ltr'><strong>Unum</strong></span> <span class='ocrx_word' id='word_1_161' title='bbox 373 3069 575 3145; x_wconf 86' lang='lat' dir='ltr'><strong>impetrassem</strong></span> <span class='ocrx_word' id='word_1_162' title='bbox 596 3070 626 3127; x_wconf 93' lang='lat' dir='ltr'><strong>te</strong></span> <span class='ocrx_word' id='word_1_163' title='bbox 646 3070 801 3127; x_wconf 88' lang='lat' dir='ltr'><strong>revocante</strong></span> <span class='ocrx_word' id='word_1_164' title='bbox 822 3066 914 3126; x_wconf 90' lang='lat' dir='ltr'><strong>dieml</strong></span> 
     </span>
    </p>

    <p class='ocr_par' dir='ltr' id='par_1_16' title="bbox 88 3163 970 3250">
     <span class='ocr_line' id='line_1_28' title="bbox 88 3163 970 3250; baseline -0.005 -16"><span class='ocrx_word' id='word_1_165' title='bbox 88 3163 90 3170; x_wconf 70' lang='grc'><strong>’</strong></span> <span class='ocrx_word' id='word_1_166' title='bbox 216 3173 264 3234; x_wconf 87' lang='lat' dir='ltr'><strong>An</strong></span> <span class='ocrx_word' id='word_1_167' title='bbox 284 3173 398 3250; x_wconf 90' lang='lat' dir='ltr'><strong>crepuit</strong></span> <span class='ocrx_word' id='word_1_168' title='bbox 417 3171 487 3232; x_wconf 87' lang='lat' dir='ltr'><strong>fissa</strong></span> <span class='ocrx_word' id='word_1_169' title='bbox 506 3175 536 3230; x_wconf 90' lang='lat' dir='ltr'><strong>te</strong></span> <span class='ocrx_word' id='word_1_170' title='bbox 556 3175 677 3249; x_wconf 89' lang='lat' dir='ltr'><strong>propter</strong></span> <span class='ocrx_word' id='word_1_171' title='bbox 696 3171 838 3231; x_wconf 90' lang='lat' dir='ltr'><strong>arundine</strong></span> <span class='ocrx_word' id='word_1_172' title='bbox 859 3175 970 3249; x_wconf 89' lang='lat' dir='ltr'><strong>custos,</strong></span> 
     </span>
    </p>

    <p class='ocr_par' dir='ltr' id='par_1_17' title="bbox 255 3273 915 3351">
     <span class='ocr_line' id='line_1_29' title="bbox 255 3273 915 3351; baseline -0.003 -17"><span class='ocrx_word' id='word_1_173' title='bbox 255 3276 394 3336; x_wconf 87' lang='lat' dir='ltr'><strong>Laesitve</strong></span> <span class='ocrx_word' id='word_1_174' title='bbox 414 3274 559 3351; x_wconf 88' lang='lat' dir='ltr'><strong>objectum</strong></span> <span class='ocrx_word' id='word_1_175' title='bbox 579 3275 681 3350; x_wconf 82' lang='lat' dir='ltr'><strong>tegula</strong></span> <span class='ocrx_word' id='word_1_176' title='bbox 701 3277 784 3334; x_wconf 71' lang='lat' dir='ltr'><strong>cuma</strong></span> <span class='ocrx_word' id='word_1_177' title='bbox 803 3273 915 3349; x_wconf 78' lang='lat' dir='ltr'><strong>caput?</strong></span> 
     </span>
    </p>

    <p class='ocr_par' dir='ltr' id='par_1_18' title="bbox 215 3375 1089 3560">
     <span class='ocr_line' id='line_1_30' title="bbox 215 3375 1089 3457; baseline -0.006 -17"><span class='ocrx_word' id='word_1_178' title='bbox 215 3381 350 3456; x_wconf 91' lang='lat' dir='ltr'><strong>Denique</strong></span> <span class='ocrx_word' id='word_1_179' title='bbox 370 3379 436 3457; x_wconf 91' lang='lat' dir='ltr'><strong>quis</strong></span> <span class='ocrx_word' id='word_1_180' title='bbox 456 3383 554 3440; x_wconf 91' lang='lat' dir='ltr'><strong>nostro</strong></span> <span class='ocrx_word' id='word_1_181' title='bbox 574 3377 689 3438; x_wconf 79' lang='lat' dir='ltr'><strong>furvum</strong></span> <span class='ocrx_word' id='word_1_182' title='bbox 710 3380 740 3436; x_wconf 90' lang='lat' dir='ltr'><strong>te</strong></span> <span class='ocrx_word' id='word_1_183' title='bbox 761 3375 863 3437; x_wconf 86' lang='lat' dir='ltr'><strong>funere</strong></span> <span class='ocrx_word' id='word_1_184' title='bbox 883 3376 975 3456; x_wconf 88' lang='lat' dir='ltr'><strong>vidit,</strong></span> <span class='ocrx_word' id='word_1_185' title='bbox 1087 3401 1089 3404; x_wconf 95' lang='lat'>·</span> 
     </span>
     <span class='ocr_line' id='line_1_31' title="bbox 254 3477 918 3560; baseline -0.009 -17"><span class='ocrx_word' id='word_1_186' title='bbox 254 3483 358 3544; x_wconf 83' lang='lat' dir='ltr'><strong>Atram</strong></span> <span class='ocrx_word' id='word_1_187' title='bbox 378 3483 445 3560; x_wconf 88' lang='lat' dir='ltr'><strong>quis</strong></span> <span class='ocrx_word' id='word_1_188' title='bbox 465 3482 594 3543; x_wconf 84' lang='lat' dir='ltr'><strong>lacrimis</strong></span> <span class='ocrx_word' id='word_1_189' title='bbox 614 3480 773 3540; x_wconf 89' lang='lat' dir='ltr'><strong>incaluisse</strong></span> <span class='ocrx_word' id='word_1_190' title='bbox 794 3477 918 3555; x_wconf 80' lang='lat' dir='ltr'><strong>togam?</strong></span> 
     </span>
    </p>

    <p class='ocr_par' dir='ltr' id='par_1_19' title="bbox 216 3581 923 3766">
     <span class='ocr_line' id='line_1_32' title="bbox 216 3581 923 3663; baseline -0.007 -16"><span class='ocrx_word' id='word_1_191' title='bbox 216 3586 248 3647; x_wconf 81' lang='lat' dir='ltr'><strong>Si</strong></span> <span class='ocrx_word' id='word_1_192' title='bbox 269 3586 366 3663; x_wconf 83' lang='lat' dir='ltr'><strong>piguit</strong></span> <span class='ocrx_word' id='word_1_193' title='bbox 384 3589 484 3663; x_wconf 89' lang='lat' dir='ltr'><strong>portas</strong></span> <span class='ocrx_word' id='word_1_194' title='bbox 504 3585 581 3644; x_wconf 87' lang='lat' dir='ltr'><strong>ultra</strong></span> <span class='ocrx_word' id='word_1_195' title='bbox 601 3581 777 3660; x_wconf 86' lang='lat' dir='ltr'><strong>procedere,</strong></span> <span class='ocrx_word' id='word_1_196' title='bbox 797 3585 829 3640; x_wconf 91' lang='lat' dir='ltr'><strong>at</strong></span> <span class='ocrx_word' id='word_1_197' title='bbox 849 3581 923 3642; x_wconf 90' lang='lat' dir='ltr'><strong>illud</strong></span> 
     </span>
     <span class='ocr_line' id='line_1_33' title="bbox 255 3684 861 3766; baseline -0.01 -16"><span class='ocrx_word' id='word_1_198' title='bbox 255 3689 415 3766; x_wconf 81' lang='lat' dir='ltr'><strong>laesisses,</strong></span> <span class='ocrx_word' id='word_1_199' title='bbox 436 3688 542 3748; x_wconf 87' lang='lat' dir='ltr'><strong>lectum</strong></span> <span class='ocrx_word' id='word_1_200' title='bbox 563 3685 671 3747; x_wconf 90' lang='lat' dir='ltr'><strong>leutius</strong></span> <span class='ocrx_word' id='word_1_201' title='bbox 692 3684 735 3746; x_wconf 90' lang='lat' dir='ltr'><strong>ire</strong></span> <span class='ocrx_word' id='word_1_202' title='bbox 755 3702 861 3746; x_wconf 88' lang='lat' dir='ltr'><strong>meum.</strong></span> 
     </span>
    </p>
   </div>
   <div class='ocr_carea' id='block_1_5' title="bbox 0 0 1326 4396">
    <p class='ocr_par' dir='ltr' id='par_1_20' title="bbox 0 0 1326 4396">
     <span class='ocr_line' id='line_1_34' title="bbox 0 0 1326 4396; baseline 0 1"><span class='ocrx_word' id='word_1_203' title='bbox 0 0 1326 4396; x_wconf 95' lang='lat' dir='ltr'><strong> </strong></span> 
     </span>
    </p>
   </div>
  </div>
 </body>
</html>
