2624 4398
703 325 745 389 40

173 501 254 552 eterne
275 503 371 570 possein
392 499 495 562 silentiu
518 515 576 552 sere
591 515 648 552 vere
664 500 736 552 iidem
751 499 1109 563 tenuissimarum
1128 500 1260 554 lmsntrrti

221 591 246 642 9.
281 589 743 650 coruramesa31²ucsiuscrimins
1296 642 1300 659 Ι

205 679 246 729 11.
279 677 350 728 Levis
357 694 412 728 eum
420 679 552 729 Passeratie
560 680 715 746 interpretor:
725 679 795 730 nimis
803 677 908 739 eredurle,
916 657 985 728 niniis
993 678 1072 728 faciles
1082 694 1154 730 eures
1162 677 1258 746 praebens

170 758 311 811 rumoribus.
344 760 393 810 Alii
415 764 510 820 eontra,
533 761 669 828 intelligunt
691 761 781 821 lenem,
803 760 939 826 benignam:
964 761 986 809 0
1009 764 1048 821 tu,
1064 762 1165 811 tandem
1180 763 1258 828 peoetn.

171 842 205 892 sie
221 845 245 892 ie
262 843 348 892 referes
364 842 438 902 mihi,
455 846 482 892 ut
499 845 543 892 ete.

204 929 244 981 15.
278 931 315 982 Ut
329 930 383 996 jure
399 931 530 997 meritoque
547 931 593 982 sinu
609 946 679 982 eeuse
696 931 732 982 tui
748 932 849 992 fureris,
865 931 914 984 ires
930 935 992 983 tune.

204 1021 245 1070 1⁷.
280 1022 356 1088 Neep.
382 1021 476 1080 eelere5
502 1022 575 1072 Gren.
600 1023 696 1078 0alere;
721 1022 767 1072 hee
791 1025 840 1072 est:
867 1037 900 1074 eu
922 1021 977 1088 quie
1001 1021 1084 1072 demus
1107 1037 1185 1089 perne
1204 1021 1258 1086 signe

171 1101 260 1151 ameris
275 1105 373 1168 prepter
390 1117 493 1152 anserem
509 1101 556 1152 elie
572 1101 722 1151 translatum.

204 1191 245 1242 21.
283 1193 386 1242 Tesserae
409 1193 518 1251 umbrae,
541 1208 628 1242 remes.
651 1191 768 1258 Virgilius
791 1194 877 1260 Georg.
899 1193 927 1252 1,
945 1192 1007 1244 157:
1028 1194 1093 1244 ruris
1110 1192 1182 1260 opaci
1197 1192 1258 1241 Felee
1293 1182 1298 1285 ἶ

169 1288 259 1340 premes
276 1275 379 1324 umbras.

203 1363 249 1421 23,
267 1364 308 1413 24.
344 1364 417 1414 codd.
440 1363 480 1414 Au
503 1369 547 1414 tua
563 1365 629 1429 quod
641 1364 736 1431 peperit
752 1364 820 1414 eretis
837 1364 931 1431 injuria
947 1381 1031 1426 eurus,
1050 1368 1117 1422 Quae
1131 1367 1207 1416 solues
1221 1367 1257 1413 ete.
1294 1358 1298 1371 '

170 1445 321 1496 Recentieres
344 1446 429 1496 Critiei
450 1446 479 1496 de
499 1447 544 1496 hee
565 1445 666 1496 lectione
687 1463 717 1495 ne
738 1445 836 1498 verbum
852 1449 954 1513 quidenu
987 1450 1100 1500 Attnrnen
1116 1467 1150 1498 are
1166 1453 1190 1499 et
1205 1447 1259 1514 prod
1294 1412 1298 1477 Ι

169 1543 264 1578 sensum
285 1527 433 1594 perturbent
467 1529 563 1595 Lipsius
585 1533 731 1579 correxerat:
757 1531 854 1580 Areua
876 1535 934 1596 quot
950 1531 1045 1596 peperit
1067 1531 1135 1581 setis
1158 1534 1203 1582 ete.
1233 1528 1257 1577 In
1295 1584 1298 1597 Ι

168 1609 258 1659 minore
273 1624 343 1659 versu
359 1624 403 1675 pre
423 1611 489 1665 Quae
504 1611 598 1676 reposui
613 1611 696 1671 Haec,
713 1612 819 1662 neutrius
837 1613 935 1677 generis.

200 1699 241 1748 26.
275 1699 349 1748 Gren.
371 1702 396 1748 et
413 1700 490 1765 Neep.
500 1700 588 1765 sacta5
606 1699 647 1749 elii
664 1699 737 1752 Oedi.
754 1704 778 1751 et
795 1701 859 1766 vulg.
876 1702 927 1752 edd.
939 1702 1010 1769 fleta.
1028 1702 1167 1767 Propertius
1177 1701 1256 1766 sacta.

167 1793 215 1828 nen
231 1779 296 1846 ficta
317 1778 471 1844 querebstur3
495 1781 585 1831 scilieet
607 1781 724 1846 Cynthiae
745 1787 802 1846 pue!
819 1784 914 1848 peperit
935 1783 1030 1844 injuria
1050 1800 1122 1833 curae
1143 1786 1168 1834 et
1184 1780 1254 1832 etesia

161 1860 236 1926 jueta
252 1862 367 1924 superbae
382 1861 469 1912 tseitus
486 1861 626 1929 perferebat.
1294 1912 1298 1921 ,

202 1949 243 1998 2⁷.
278 1948 351 1999 codd.
375 1949 451 1999 diuini
466 1951 557 2016 sontes
585 1953 671 2013 Fpntes
694 1955 719 2002 et
738 1952 829 2002 divinos
845 1953 922 2003 fontes
939 1952 968 2003 eb
984 1955 1029 2004 hee
1045 1954 1097 2006 leee
1114 1954 1197 2004 ulienos
1214 1967 1256 2002 esse
1295 2002 1299 2011 ,

167 2034 290 2081 senserunt
315 2030 360 2080 viri
381 2031 452 2082 desti.
478 2033 535 2082 Ideo
558 2034 684 2083 Heinsius:
709 2035 802 2084 dumosi
824 2040 926 2094 ,καπίθη
949 2036 1117 2088 Merklendus:
1141 2035 1187 2094 m,
1203 2033 1256 2083 nudi
1296 2045 1300 2097 ζ

167 2117 271 2172 mentm
296 2114 472 2164 Leehmsunus:
499 2116 546 2175 m,
571 2117 635 2166 nivei
659 2122 755 2167 menter.
789 2117 911 2169 Libentius
937 2118 1053 2168 Fonteinii
1076 2112 1253 2170 'emendationem
1296 2105 1301 2132 '³

165 2193 255 2261 recepir
273 2195 369 2246 deride
379 2197 475 2262 sontes,
494 2213 567 2262 eques
583 2197 612 2247 eb
629 2198 677 2248 ulte
694 2199 816 2258 cedentes,
835 2215 849 2248 e
864 2200 956 2266 frigidis
972 2199 1080 2266 rupibus.

491 2382 768 2450 ELEGIA
812 2384 934 2450 XXIV.

554 2515 608 2562 DE
623 2515 879 2564 EXGUJSWNE.

284 2609 366 2674 (Oedi.
384 2611 416 2661 17
433 2615 458 2661 et
475 2612 520 2672 18,
538 2615 622 2664 Burm.
640 2615 672 2664 13
690 2619 714 2666 et
731 2616 776 2674 14,
794 2616 836 2674 II;
854 2617 952 2667 Ineehnn.
969 2615 985 2665 8
1002 2619 1027 2667 et
1043 2617 1072 2676 9,
1090 2616 1152 2679 ΙΙΙ).

135 2743 137 2749 ·
202 2721 258 2772 Jsm
273 2722 365 2788 pridem
382 2722 489 2788 Livineje
505 2725 563 2776 heec
580 2731 604 2777 et
621 2743 720 2792 sequens
735 2727 824 2794 elegis,
842 2745 898 2795 ques
914 2730 986 2779 Oodd.
1001 2730 1026 2779 in
1040 2729 1145 2779 Secunde
1157 2727 1225 2779 libre

234 2803 356 2864 inserunt,
391 2805 564 2872 conjungendae
594 2810 734 2860 ridebantur
763 2811 861 2877 ejusque
891 2812 1008 2862 monitum
1038 2815 1132 2862 sseutus
1161 2825 1224 2867 sum,

235 2889 327 2935 mutete
341 2881 496 2938 distiehoruns
509 2891 596 2940 ordine.
615 2893 716 2942 Carmen
728 2894 754 2944 in
767 2895 876 2944 Primum
884 2893 983 2945 Librum
991 2893 1110 2944 transtuli.
1127 2893 1225 2959 Apperet
1299 2920 1304 2959 3

235 2967 298 3016 enim
314 2983 342 3018 ex
359 2967 464 3020 distichis
481 2972 514 3020 23
532 2976 555 3022 et
572 2974 617 3032 29,
640 2975 792 3041 Propertium
808 2976 928 3043 deplorare
944 2977 1045 3043 primum
1062 2974 1222 3029 exclusionem.

234 3052 359 3115 antequem
375 3054 455 3102 tetum
471 3069 513 3119 per
530 3070 617 3106 annum
633 3056 716 3122 pulsus
732 3057 823 3108 fuisset.

287 3175 406 3238 Mentiri
426 3183 557 3259 nectem,
578 3183 730 3260 promissis
752 3184 859 3246 ducere
880 3189 1043 3264 ementem,

327 3279 392 3342 Hoe
412 3281 469 3344 erit
489 3282 612 3346 infestes
633 3288 776 3364 sunguine
797 3287 907 3351 hebere
927 3307 1042 3352 meniu.

288 3381 400 3446 Herum
421 3402 476 3462 ege
496 3403 561 3448 sum
581 3391 681 3468 vetes,
702 3390 817 3467 quoties
837 3391 971 3454 desertus
992 3410 1109 3454 amem
1136 3409 1139 3418 ·

327 3483 455 3564 Explevi
475 3491 592 3570 nostes,
612 3489 722 3552 fruetus
742 3496 866 3570 utreque
886 3497 959 3556 tere.

289 3583 383 3662 Quem
404 3588 490 3652 mode
509 3589 640 3672 felicem,
662 3593 775 3654 invidis
795 3595 975 3676 adnnente,
996 3596 1146 3676 ferebant,
1230 3589 1247 3650 5

328 3689 414 3754 Nune
434 3691 547 3758 decime
568 3693 705 3758 admittor
725 3698 777 3758 vix
797 3716 852 3776 ego
873 3716 990 3776 queque
1010 3699 1068 3763 die.
