2624 4398
694 363 751 422 106

176 533 324 584 Burmannus
338 532 523 599 prsedicsvtssst
540 533 935 586 Loeutionecousaendrrecameu
943 534 1168 594 minimeod'endon
1184 535 1268 586 etmihi

176 623 302 691 magnalis
318 626 353 675 est
367 641 420 674 oum
433 622 475 673 illo
488 623 688 674 laodiceamioe.
707 625 909 684 commodis,
923 639 1017 674 carmen
1031 618 1267 695 ἐγκωμιαστικόν

175 709 227 775 quia
243 708 328 758 dixerit
343 723 387 774 pro
403 707 504 757 carmine
515 708 624 766 heroicO,
637 707 724 773 lyrico,
734 707 817 773 episc?
834 709 898 772 Lego
907 708 994 774 igitur·
1010 711 1269 762 heroumcmmdere

175 806 277 841 camon.
294 790 334 839 Ita
350 787 431 838 scribit
420 789 583 856 tPropertius
599 789 637 841 nl.
655 789 683 838 II
701 788 755 840 ΙΙΙ).
772 790 836 840 Tert.
856 791 913 846 Quis
926 793 954 840 te
964 791 1077 842 carminis
1092 793 1165 842 heroi
1178 797 1269 858 tanum

169 871 247 937 jussit
272 886 343 936 opua,·
367 871 402 920 itu
427 869 525 920 Ovidius
550 872 617 921 Fosi.
640 872 681 932 11,
706 871 765 922 1252
794 871 859 928 Quid
873 873 938 922 volui
953 873 1047 924 demere
1063 874 1169 939 elepie'
1157 891 1269 974 emposere

175 958 268 1004 tantum
284 953 422 1003 Ponderis?
439 953 507 1003 heroi
522 969 560 1004 rer
575 959 630 1004 erat
644 954 693 1005 ista
704 954 782 1020 pedis.

209 1044 249 1093 13.
284 1042 356 1092 Codd
372 1059 443 1108 turpe
458 1043 547 1092 animo
564 1042 713 1094 Burmannus
728 1043 833 1110 reposuit
849 1044 935 1094 auium.
953 1043 1267 1094 Discrimeninterauimau

176 1128 200 1176 et
221 1123 326 1174 animum
346 1125 429 1174 statuit
446 1124 563 1174 Iuvenalis
579 1126 629 1175 Sat.
647 1125 708 1185 XV,
725 1142 748 1176 v.
766 1126 828 1176 1472
851 1126 940 1176 Mundi
953 1125 1073 1191 principio
1090 1126 1200 1178 indulsit
1216 1142 1269 1178 soss-

66 1197 67 1200 '
176 1206 254 1258 muscis
269 1206 379 1256 condior
394 1205 444 1255 illis
460 1204 633 1268 (animantibus)
656 1209 754 1256 Pontum
772 1207 878 1267 animas,
895 1207 963 1258 sobo
979 1207 1129 1258 ANIMUM
1141 1225 1243 1274 quoque.

210 1295 251 1345 16.
283 1295 343 1345 Post
357 1295 420 1345 hunc
436 1309 528 1352 vorsum
546 1294 641 1344 Codices
657 1294 726 1344 daut:

391 1378 461 1426 Aetas
477 1377 554 1442 prime
570 1379 638 1426 cenet
655 1376 769 1436 Veneres,
787 1380 891 1428 extrema
907 1377 1035 1429 tumultum

424 1459 490 1508 Bella
506 1475 588 1510 cenum
604 1458 697 1526 quondo
714 1461 803 1525 scripte
819 1460 896 1526 puella
913 1464 950 1511 sat
966 1463 1010 1510 est.

177 1538 358 1608 Insulss'verba
374 1543 399 1590 et
414 1541 560 1607 interpolata
579 1541 609 1590 Id
626 1541 687 1590 enim
704 1541 848 1606 significant:
863 1542 959 1606 juvenis
976 1542 1068 1592 cantavi
1081 1541 1269 1608 pueliam‚suuex

176 1638 258 1673 cenem
280 1622 341 1672 bella
362 1626 385 1673 et
406 1622 529 1672 tumuitus.
562 1623 595 1672 At
616 1639 693 1672 senem
714 1639 738 1672 se
759 1626 829 1674 vocat
851 1624 1020 1691 interpolatum
1037 1623 1179 1690 Propertius
1196 1625 1269 1674 senus

178 1711 260 1771 coepta
270 1705 411 1771 juventute,
428 1704 526 1755 florebat
542 1720 611 1755 versu
627 1705 668 1756 25.

210 1793 251 1844 25.
286 1793 359 1844 Oodd.
376 1794 454 1846 mollis
469 1799 504 1844 tu.
530 1793 692 1845 Broukhusius
708 1793 838 1845 emendavit
854 1793 945 1844 monia.

500 2041 774 2110 ubuum
819 2041 941 2110 XXVI.

587 2197 639 2245 ΔΙ)
664 2196 857 2245 LYNGEUM.

409 2321 491 2386 (codd.
509 2321 553 2380 34,
570 2320 653 2370 Burm.
670 2319 715 2379 25,
735 2319 779 2377 11;
798 2317 894 2367 Lachm.
913 2318 960 2377 30,
978 2317 1039 2378 III.)

212 2458 308 2509 Codices
323 2460 384 2508 hanc
400 2461 424 2508 et
440 2459 523 2508 XXIX
537 2457 698 2523 conglutinant
710 2473 763 2506 oum
776 2455 885 2505 laudibus
897 2454 922 2502 iu
934 2452 1070 2518 Virgilium.
1089 2453 1130 2516 (V.
1144 2454 1237 2520 Appen·

244 2541 318 2590 dicem
341 2542 370 2590 ad
391 2541 454 2590 huno
476 2539 591 2600 Librum.)
614 2538 710 2604 Optime
732 2536 760 2586 de
782 2537 826 2585 hec
848 2535 921 2600 elegia
943 2533 1028 2582 meruit
1052 2534 1238 2594 Heimreiohius,

244 2623 285 2688 qui
301 2622 423 2686 ejiciendos
437 2621 509 2685 jussit
524 2619 649 2671 versiculos
665 2618 789 2684 Propertio
806 2617 928 2682 indignos,
945 2616 1060 2681 simulque
1076 2616 1239 2666 ammadvertit

245 2721 338 2756 carmen
359 2720 404 2769 quo
427 2706 496 2769 poete
518 2701 606 2768 Lyncei
628 2699 749 2767 perfidiam
772 2702 866 2758 narrat,
887 2701 938 2748 tote
954 2697 1068 2747 sententia
1084 2697 1237 2748 dissiderent

244 2803 284 2845 eo,
306 2801 352 2852 quo
372 2785 471 2834 laetetur
492 2785 611 2849 Lynceum
632 2799 765 2832 communes
787 2781 876 2830 adirem
892 2781 955 2830 deos.
989 2780 1102 2830 Veritatis
1118 2783 1185 2830 tauta
1201 2783 1237 2830 est

245 2871 292 2931 sis,
311 2872 338 2919 ut
353 2867 421 2918 facile
437 2883 461 2916 se
477 2882 519 2932 per
535 2881 560 2915 se
574 2865 626 2932 ipsa
642 2863 761 2923 defendat,
778 2879 852 2929 neque
869 2865 1005 2929 argumenta
1021 2861 1133 2927 requirat.

298 3019 357 3082 Our
377 3018 533 3096 quisquam
552 3016 658 3077 faciem
677 3015 813 3076 dominae
830 3015 895 3093 jem
916 3013 1017 3075 medat
1036 3011 1155 3074 emico?

339 3122 388 3184 Sic
408 3125 509 3199 erepta
528 3118 601 3179 mihi
620 3135 715 3195 paene
734 3118 835 3198 puella
855 3133 922 3176 mes
942 3119 996 3178 est.

298 3227 446 3305 Expertus
462 3219 547 3286 'diem
566 3240 652 3284 nemo
673 3225 719 3282 est
739 3222 771 3281 in
792 3238 890 3282 umore
912 3217 1023 3298 fidelis3

337 3333 508 3392 Formosum
529 3347 594 3390 raro
613 3346 672 3389 non
692 3326 750 3387 sibi
770 3325 894 3402 quisque
915 3322 999 3401 petit.

300 3434 409 3496 Polluit
429 3434 479 3494 illo
500 3432 573 3494 deus
593 3433 748 3508 cognatos,
769 3427 858 3489 solvit
878 3425 1002 3503 emices,

339 3537 379 3598 Et
398 3537 474 3598 bene
495 3534 650 3597 concordes
670 3531 767 3593 tristia
787 3529 826 3589 ud
847 3546 930 3589 erma
949 3529 1050 3604 vocet,

301 3641 416 3721 Hospes
436 3641 468 3702 iu
487 3639 645 3718 hospitium
664 3635 799 3696 Menelao
819 3633 901 3695 venit
922 3630 1053 3691 adulter:

340 3741 457 3807 Oolchis
476 3746 507 3805 et
526 3742 656 3820 ignotum
676 3754 772 3802 nonne
791 3739 893 3799 secute
911 3734 1007 3796 virum
1026 3731 1098 3795 est?
