2642 4396
155 515 279 576 Umbria
298 520 329 576 te
350 517 426 576 notis
446 517 568 593 antiqua
587 519 744 595 penatibus
766 519 827 579 edit
838 562 926 578 .....
1087 519 1126 580 45

198 617 358 698 (Mentiori
381 636 419 678 an
439 619 553 696 patriae
573 621 704 697 tangitur
724 640 775 683 ora
795 619 902 702 tusci)

156 719 223 796 Qua
242 721 384 783 nebulosa
404 739 476 782 eave
496 727 576 784 rorat
595 725 733 785 Mevania
754 743 871 802 campe,

195 823 236 885 Iit
255 826 337 884 lacus
357 825 477 886 aestivis
498 826 610 903 intepet
630 827 741 886 Umber
762 828 863 906 aquis,

156 925 387 1003 Scandentisque
407 928 482 988 arcis
503 929 651 1005 consurgit
670 929 780 990 vertice
801 947 916 1009 murus,

196 1030 296 1090 Murus
317 1031 354 1090 ab
375 1031 492 1106 ingenio
511 1032 606 1093 notior
626 1033 677 1092 ille
697 1037 757 1093 tuo.

155 1129 290 1207 Ossaque
307 1133 409 1208 legisti
429 1151 488 1193 non
508 1133 561 1192 illa
581 1137 679 1194 aetate
700 1134 827 1210 legenda

195 1233 308 1312 Patris,
330 1238 360 1296 et
380 1235 411 1294 iu
430 1238 533 1296 tenues
553 1236 666 1311 cogeris
687 1235 750 1312 ipse
771 1236 880 1296 Lares:

154 1337 232 1397 Nam
252 1340 305 1397 tua
324 1356 389 1398 cum
410 1338 495 1398 multi
516 1342 668 1398 versarent
687 1356 755 1398 rura
771 1339 908 1418 juvenci,

194 1437 326 1498 Abstulit
347 1441 478 1500 excultas
498 1441 612 1516 pertica
631 1441 725 1500 tristis
747 1459 827 1516 opes.

154 1542 224 1603 Mox
244 1542 295 1601 ubi
314 1543 397 1601 bulla
415 1543 482 1602 rudi
503 1543 632 1602 demissa
652 1547 697 1602 est
718 1561 808 1603 aurea
828 1543 919 1622 celle,

193 1644 296 1705 Matris
317 1648 348 1705 et
368 1649 436 1704 ante
456 1645 526 1705 dees
546 1645 641 1706 libera
662 1649 778 1722 sumpta
797 1649 882 1725 toga,

155 1749 234 1808 Tum
255 1748 308 1807 tibi
329 1765 423 1823 pauca
443 1767 496 1810 sno
517 1749 553 1808 de
575 1750 703 1810 carmine
725 1750 817 1810 dietat
836 1748 958 1828 Apollo,

194 1852 235 1911 Et
255 1854 335 1910 vetat
355 1852 458 1912 insano
478 1853 569 1912 verba
589 1857 691 1913 tonare
712 1852 783 1912 fero.

155 1951 246 2014 Atto
268 1952 345 2029 finge
367 1954 480 2033 elegos,
501 1954 593 2014 fallax
614 1973 702 2034 opus3
724 1955 799 2015 haec
819 1959 870 2014 tua
890 1957 1002 2016 castra!

196 2054 310 2116 Scribat
329 2060 363 2116 ut
383 2055 516 2134 exemplo
537 2062 635 2118 cetera
655 2059 742 2118 turba
762 2061 821 2118 tuo.

154 2160 291 2219 Militiam
313 2159 437 2219 Veneris
457 2159 575 2220 blandis
595 2161 708 2236 patiere
730 2160 784 2220 sub
805 2160 909 2238 armis,

194 2263 235 2322 Et
255 2262 379 2322 Veneris
399 2262 498 2338 pueris
519 2263 600 2323 utilis
621 2262 713 2323 hostis
735 2263 802 2323 eris.

154 2365 231 2425 Nam
251 2363 307 2422 tibi
327 2364 479 2441 victrices,
500 2381 699 2440 quascumque
720 2365 819 2424 labere
840 2365 966 2444 parasti,

194 2467 302 2527 Eludet
322 2468 436 2544 palmas
456 2485 515 2526 nna
535 2468 634 2543 puella
654 2471 731 2527 tuas.

155 2573 195 2632 ut
214 2572 290 2632 bene
311 2590 375 2631 cum
396 2569 485 2630 fixum
506 2574 604 2631 mento
625 2571 797 2632 discusseris
819 2587 940 2649 uncum,

195 2675 246 2733 Nil
268 2674 324 2734 erit
343 2673 414 2732 hec:
435 2676 528 2733 rostro
549 2677 578 2732 te
599 2677 713 2750 premet
735 2693 807 2734 ansa
828 2690 889 2733 suo.

155 2777 240 2836 Illius
262 2776 381 2835 arbitrio
401 2779 515 2835 noctem
536 2776 690 2851 lucemque
712 2774 843 2835 videbis:

196 2879 286 2940 Gutta
307 2896 422 2955 quoque
443 2897 480 2938 ex
501 2879 592 2939 oculis
614 2897 672 2938 nou
692 2879 749 2938 nisi
766 2879 853 2954 jussa
874 2876 968 2936 cadet.

155 2985 218 3044 Nec
238 2983 320 3042 mille
341 2981 498 3059 excubiae,
519 2986 623 3041 necte
645 2981 762 3057 signata
777 2979 924 3057 Juvabunt

195 3085 329 3144 Limina:
348 3100 507 3160 persuasae
527 3080 630 3141 fallere
651 3083 725 3141 rima
746 3085 793 3140 sat
814 3084 867 3141 est.

154 3191 241 3250 Nunc
261 3193 312 3247 tua
332 3187 380 3247 vel
401 3186 506 3246 mediis
528 3186 635 3262 puppis
657 3187 783 3245 luctetur
804 3184 836 3242 in
856 3183 960 3262 undis,

195 3293 252 3352 Vel
270 3293 340 3352 licet
360 3290 480 3350 armatis
501 3289 593 3350 hostis
614 3289 734 3348 inermis
756 3306 823 3366 eas,

156 3395 213 3455 Vel
233 3393 404 3454 tremefacta
425 3411 497 3452 cavo
518 3393 605 3452 tellus
627 3391 747 3450 diducat
767 3389 896 3468 hiatum,

197 3496 347 3573 Oetipedis
368 3494 473 3554 Cancri
495 3499 578 3570 terga
599 3494 719 3554 sinistra
739 3493 819 3553 time.

85 3634 111 3682 2.
145 3631 219 3681 Oodd.
236 3631 335 3689 Herem
353 3629 403 3680 edd.
421 3628 486 3693 vulg.
503 3629 605 3692 Herops.

85 3722 110 3770 8.
144 3719 282 3786 Amplector
298 3718 508 3785 interpunctionem
526 3722 550 3768 et
561 3717 778 3784 interpretationem
792 3715 816 3767 S.
831 3716 860 3768 G.
874 3715 1029 3782 Schippersii:
1049 3727 1129 3764 nnuue
