2640 4400
188 366 260 410 xm

184 525 302 600 pontem
318 523 357 584 ab
371 539 429 584 uuo
443 521 482 584 od
501 523 638 601 altemm
659 523 842 600 Propertium
861 524 1036 602 nominavit,
1058 523 1130 600 quia
1151 524 1276 602 Proper·

183 626 265 685 tiana
283 624 413 696 habebat
431 624 570 685 earmina
611 624 652 684 Ut
673 625 794 686 istonrm
815 643 878 686 mos
900 628 978 703 erat,
1003 643 1062 686 non
1082 642 1099 686 e
1119 643 1201 702 penu
1223 643 1277 686 sua

183 728 344 788 sententias
373 731 404 788 et
432 727 524 787 verba
553 727 711 804 derivavit,
742 726 796 787 sed
826 744 864 788 ex
894 725 999 788 alienis
1030 727 1110 803 agris
1142 731 1276 803 segetem

182 830 364 908 procuravit3
384 847 452 889 nam
473 827 608 890 Phoebus
628 828 696 888 Sex.
714 828 834 890 Aurelio
849 847 950 889 aurem
964 830 1078 890 vellens
1092 829 1275 890 intonuerat:

414 935 470 983 Non
486 932 526 980 hie
543 932 589 982 nlla
605 931 649 981 tibi
665 932 777 996 speranda
794 935 829 982 est
845 933 920 990 fama,
938 932 1060 998 Properti,

448 1016 502 1063 Non
520 1018 555 1063 est
571 1015 657 1079 ingenii
674 1013 756 1079 cymba
772 1015 890 1079 gravanda
906 1015 952 1073 tui:

184 1109 272 1181 atque
293 1102 416 1164 Ovidius
437 1103 594 1179 scripserat
615 1102 707 1184 (Fost.
729 1103 769 1182 V)

417 1206 508 1256 Aversis
524 1207 615 1256 utinam
631 1206 759 1270 tetigissem
776 1205 880 1255 earmina
896 1206 981 1255 Musis.

224 1293 344 1356 Diovem
363 1299 464 1355 auctor
484 1294 514 1353 in
535 1294 658 1354 Umbria
677 1298 764 1355 natus
784 1298 860 1372 erat,
881 1295 1021 1373 adjuncta
1040 1295 1185 1372 quaedam
1203 1299 1277 1358 Pro-

183 1397 277 1475 pertio
297 1397 392 1474 prima
412 1396 506 1457 fronte
525 1397 710 1457 conveniunt.
738 1397 856 1458 Dictum
877 1401 1085 1474 aeoeptumque
1102 1398 1159 1458 fuit
1179 1403 1278 1459 areta-

183 1501 281 1576 logum
301 1501 365 1578 ejus
384 1501 476 1561 vitam
496 1501 671 1561 narravisse.
697 1499 869 1561 Aoeuratior
889 1501 1076 1578 investigatio
1096 1503 1277 1564 sommarium

183 1602 295 1678 probat
315 1603 497 1680 Propertium
514 1609 544 1664 et
558 1604 736 1664 ardelionem
745 1605 898 1680 loquentes
908 1604 1010 1665 audire
1020 1604 1131 1665 videor.
1146 1605 1278 1667 Divinus
1314 1673 1315 1684 ἶ

183 1705 342 1783 praeterita
361 1710 392 1765 et
410 1703 508 1765 futura
527 1725 649 1767 noscens
669 1705 748 1766 infit:

414 1809 516 1859 Umbris
531 1813 555 1858 te
571 1809 633 1858 notis
649 1809 743 1874 antiqua
760 1809 885 1860 Penatibus
902 1809 964 1860 edit:

448 1893 570 1941 Mentior?
587 1908 616 1940 an
633 1891 722 1957 patriae
737 1892 843 1956 tangitur
859 1909 900 1942 ora
916 1896 987 1942 tuse?
1087 1955 1089 1958 Ι

185 1982 354 2060 Propertius
374 1982 426 2042 olli
446 1980 615 2043 subridens:
635 1980 726 2058 probe
746 1981 859 2061 inquis3
881 1981 986 2059 seripsi
1007 1982 1038 2042 in
1058 1981 1172 2042 libello:

417 2084 527 2134 Proxima
543 2084 663 2149 supposito
681 2083 816 2148 confingens
833 2081 934 2132 Umbris
950 2097 1032 2148 eampo

451 2168 492 2216 Me
509 2166 601 2232 genuit,
619 2166 687 2215 terris
704 2165 787 2214 fertilis
804 2162 921 2214 uberibus.

187 2259 343 2319 Divinator
361 2257 562 2334 prosequitur:

418 2361 490 2418 Mox,
507 2358 548 2409 nbi
564 2359 628 2408 bulla
644 2359 697 2408 rudi
713 2359 811 2408 demissa
828 2362 863 2408 est
880 2373 949 2408 aurea
966 2357 1038 2415 collo,

450 2449 537 2498 Matris
553 2453 577 2498 et
593 2451 646 2498 ante
662 2450 724 2497 Deos
740 2446 813 2497 libera
829 2451 922 2514 sumpta
938 2451 1008 2512 toga.
1020 2484 1043 2496 ..

186 2538 241 2599 cni
262 2537 330 2600 Sex.
350 2536 502 2598 Aurelius:
523 2538 614 2615 Hem,
634 2537 753 2614 resiste,
774 2536 855 2597 sedo.
882 2535 1043 2614 semmam,
1055 2534 1174 2596 memini
1184 2535 1279 2614 bene,

186 2641 296 2701 bullam
312 2640 440 2717 gestavi,
451 2638 724 2714 TarquinioPriseo
735 2638 869 2716 jubente.
889 2637 980 2698 Notos
992 2643 1112 2715 penates
1127 2637 1280 2699 dixistin?
1313 2655 1314 2730 q

188 2744 247 2804 Nee
268 2742 408 2820 sauguine
429 2742 504 2801 atrito
526 2740 639 2800 Nobilis
658 2758 736 2819 snm,
759 2740 867 2800 Nullos
888 2747 915 2800 et
930 2739 1048 2818 satique
1063 2737 1157 2798 Morte
1173 2739 1280 2799 triom-

185 2847 262 2925 pbos
282 2845 329 2905 oei
348 2863 368 2904 a
387 2845 494 2922 populo
514 2861 560 2903 me
581 2843 716 2904 secernit

227 2948 321 3009 Surdo
340 2949 436 3025 canit,
457 2946 637 3022 Babylonius
656 2946 760 3006 instat:

416 3049 477 3099 Tum
493 3049 536 3100 tibi
552 3065 626 3116 panea
642 3065 684 3098 sne
700 3049 729 3098 de
745 3048 846 3098 turmine
862 3047 936 3098 dietat
952 3047 1036 3115 Apollo

449 3131 482 3180 Et
497 3133 561 3182 vetat
577 3132 657 3180 insano
674 3130 745 3180 verbs
761 3133 842 3180 tonare
857 3130 916 3179 iore.

187 3229 264 3290 Tum
284 3233 387 3306 poeta:
415 3226 517 3304 Quid?
546 3225 734 3292 somniasse?
764 3226 857 3288 forum
878 3244 936 3288 non
955 3225 1039 3315 novi,
1062 3225 1281 3287 oausidieorum

185 3336 345 3393 cenventus
364 3347 513 3407 nunquam
533 3330 717 3408 frequentavi
738 3371 746 3389 .
767 3373 775 3389 .
798 3373 805 3389 .

225 3433 373 3496 Ariolator
391 3453 450 3496 non
468 3439 564 3496 eessat
584 3435 753 3514 pergitque:

417 3545 480 3594 Nam
496 3543 539 3594 tibi
555 3543 676 3602 viotriees,
693 3559 849 3610 quascumque
865 3543 946 3594 labore
962 3543 1065 3610 perusti,

448 3626 533 3676 Eludet
548 3626 639 3694 palmas
655 3643 702 3677 uua
719 3627 796 3694 puelle
812 3632 872 3678 tuas.

187 3722 371 3783 ffissiendem
381 3723 563 3799 Propertius:
583 3723 631 3784 se
642 3723 693 3782 mr
703 3740 750 3784 me
760 3728 869 3800 ament,
879 3727 912 3786 ot
923 3721 1142 3784 mantione:
1157 3721 1278 3782 Poma
1312 3691 1313 3776 t
