2624 4398
556 371 595 432 61

385 646 661 716 munuli
705 647 767 714 111.

333 804 392 850 nl)
414 800 832 852 ΒΕΙθΗΙθθΝΤΕΜ.

262 923 407 990 (011111,
425 927 508 977 Burm.
527 924 573 987 18,
590 925 621 976 ΙΙ
627 946 634 985 ;
652 923 750 975 Laehna
768 923 814 986 14,
833 921 895 987 ΙΙΙ.)

16 1061 88 1112 Haeo
102 1063 131 1112 et
143 1063 194 1111 tres
201 1075 260 1127 quaa
268 1064 398 1127 sequuntur
407 1059 495 1128 elegiae
502 1062 582 1114 lumen
592 1063 728 1128 praeterunt
736 1059 837 1112 disticho
843 1059 956 1128 prooemii
964 1059 1031 1116 Libri
1039 1061 1126 1117 Primis

247 1160 329 1210 Deraso
344 1177 381 1211 ms
397 1161 479 1212 docuit
495 1162 588 1224 (Amor)
605 1165 684 1212 rusiae
700 1159 778 1212 odisee
787 1161 884 1228 puellas

283 1243 409 1309 Improbat
426 1247 450 1294 11
465 1243 534 1294 nullo
550 1243 627 1294 riom
643 1241 750 1294 coneilio.

149 1373 232 1456 Sais,
252 1374 340 1456 here,
360 1378 401 1438 mi
422 1379 530 1439 multas
550 1377 662 1456 pariter
681 1377 828 1455 placuisse
847 1377 979 1459 puellas,

191 1479 256 1542 Sais
276 1479 364 1560 mihi,
385 1479 592 1561 Demophoon,
612 1481 706 1542 multa
726 1479 827 1541 venire
848 1482 937 1543 mala.

146 1583 240 1646 Nulla
259 1585 334 1646 meis
353 1584 463 1648 frustra
482 1587 644 1646 lustrantur
664 1584 793 1662 compita
811 1584 938 1668 plantis,

189 1687 216 1750 0
235 1689 323 1750 nimis
343 1690 434 1751 exitio
453 1692 525 1750 nata
544 1687 662 1750 theatra
680 1689 763 1750 meol

147 1790 220 1853 Sive
241 1791 349 1869 aliquis
369 1792 450 1854 molli
471 1791 585 1852 diducit
604 1791 732 1852 eandida
751 1795 837 1868 gestu

189 1895 331 1976 Brachia,
352 1913 406 1957 seu
424 1895 523 1956 varios
543 1895 647 1956 incinit
668 1913 718 1956 ore
738 1895 856 1975 modos,

146 1997 267 2059 Interea
286 1998 378 2060 nostri
398 2002 544 2076 quaerunt
565 1998 622 2060 sibi
643 1998 750 2059 vulnus
770 1997 873 2079 ooeili,

189 2099 324 2162 Candida
343 2120 402 2163 non
421 2105 498 2163 teoto
518 2105 636 2180 pectore
657 2102 683 2163 si
704 2119 763 2178 qua
783 2101 881 2182 sedet,

147 2205 220 2268 Sive
240 2207 310 2284 vagi
331 2208 426 2269 orinos
445 2208 528 2287 puris
547 2208 579 2268 in
599 2207 743 2270 frontibus
763 2211 877 2287 errant,

189 2309 292 2371 Indica
311 2328 385 2388 quos
405 2310 502 2372 medio
522 2311 632 2372 1111111
652 2329 769 2388 gemma
788 2313 878 2371 tenet
1088 2317 1127 2376 10

147 2410 233 2486 Quae
254 2412 280 2472 si
300 2412 375 2473 forte
396 2413 509 2491 aliquid
529 2414 613 2473 vultu
633 2410 707 2471 mihi
727 2411 800 2472 dura
819 2416 957 2494 negarat,

189 2513 314 2592 Frigida
334 2514 372 2575 de
392 2519 455 2577 tota
474 2515 570 2577 fronte
591 2514 716 2576 audebat
736 2531 822 2591 aqua.

148 2615 292 2698 Quaeris,
313 2617 520 2698 Demophoon,
541 2635 593 2679 our
614 2618 670 2677 sim
690 2617 867 2688 tammollis
888 2617 919 2679 in
939 2621 1064 2684 omnes?

188 2718 274 2793 Quod
294 2722 413 2797 quaeris
434 2739 543 2792 onsnn
564 2740 622 2782 non
642 2721 733 2783 habet
752 2723 830 2783 ullus
851 2740 940 2784 amor.

148 2819 209 2882 Our
229 2823 338 2900 aliquis
359 2825 451 2886 saeris
471 2825 565 2885 laniat
585 2842 639 2886 sua
658 2824 780 2886 brachia
801 2826 903 2888 oultris
1085 2830 1123 2892 15

189 2929 230 2991 Iit
250 2927 378 3006 Phrygis
399 2928 517 2990 insanos
538 2928 670 2988 caeditun
689 2929 729 2987 ad
748 2928 908 2992 numeros?

147 3033 316 3110 Unicuique
337 3030 420 3091 dedii
439 3030 545 3090 vitium
565 3035 671 3090 natura
691 3034 803 3111 oreato;

190 3138 234 3200 Mi
254 3136 371 3198 fortuna
391 3134 521 3211 aliquam
541 3151 657 3211 sempor
676 3151 775 3194 amare
795 3134 886 3196 dedit.

147 3241 196 3303 hie
217 3241 287 3300 lieet
307 3241 338 3298 et
358 3235 528 3313 Thamyrae
549 3236 675 3298 cantoris
691 3236 757 3297 iata
776 3242 950 3320 sequantur,

189 3345 349 3420 Nunquam
369 3339 586 3419 othmaros,
607 3339 723 3421 invide,
745 3359 849 3404 eaeous
870 3361 928 3405 ero.
1086 3352 1126 3412 20

149 3445 225 3526 Sed,
247 3445 302 3506 tibi
322 3443 349 3505 si
370 3443 463 3506 exiles
483 3442 585 3504 videor
605 3447 742 3504 tenuatus
762 3445 793 3504 in
814 3449 910 3527 artus,

189 3549 334 3610 Falleris:
356 3547 436 3608 haud
456 3565 585 3624 unquam
606 3551 651 3609 est
671 3549 751 3609 onita
770 3549 870 3612 labore
891 3550 1001 3614 Venus.

149 3653 325 3716 Peroontere
344 3653 431 3730 lieet3
453 3670 541 3730 saepe
563 3656 609 3714 est
629 3656 751 3730 experta
770 3651 869 3732 puella

189 3755 323 3818 Offioium
343 3759 406 3817 tota
425 3758 510 3818 noete
531 3756 631 3817 valere
651 3769 758 3818 meum.

1008 3860 1025 3916 1
