2624 4398
545 365 586 428 35

136 539 193 618 ut,
215 538 350 616 quamvis
371 553 520 616 nunquam
540 543 609 616 post
628 539 703 601 haee
722 533 847 622 visura,¹
859 535 979 607 dolebat

178 643 236 704 llla
255 647 372 723 tamen,
392 643 500 720 longae
521 643 639 704 oonsoia
659 644 800 706 laetitiae.

135 748 201 809 Neo
221 746 265 808 sio
285 745 457 808 Aesoniden
478 747 662 826 rapientibus
683 747 773 813 anxia
792 749 889 812 ventis

178 851 348 930 Hypsipyle
368 868 462 914 vaano
480 852 615 914 eonstitit
634 852 666 914 in
686 850 837 914 thalme:

137 955 307 1033 Hypsipyle
326 954 424 1016 nullos
443 957 513 1035 post
532 954 602 1014 illos
621 954 716 1015 sensit
735 971 865 1035 amores,

175 1059 218 1120 Ut
237 1059 330 1119 semel
350 1057 514 1119 Haemonio
534 1055 632 1118 tabuit
652 1057 788 1136 hospitio.

138 1158 339 1238 Alphesiboea
359 1177 427 1221 suos
448 1129 515 1220 ulta
531 1164 576 1222 est
595 1179 648 1240 pro
669 1161 793 1240 conjuge
813 1159 935 1243 iratres,

178 1261 338 1340 Sanguinis
359 1265 390 1324 et
409 1264 471 1324 oari
486 1264 610 1342 ‚yinoula
628 1265 708 1342 rupit
729 1283 825 1345 amor3

138 1365 280 1445 (lonjngie
299 1365 425 1426 uvaurae
442 1366 551 1428 mixtos
570 1369 684 1427 laetata
705 1385 759 1444 per
777 1368 862 1444 ignes

177 1467 309 1548 Occidit,
330 1467 461 1545 Argivae
481 1468 560 1529 fama
580 1470 752 1546 pudicitiae.

138 1569 270 1648 Quarum
289 1571 372 1634 nulla
392 1576 458 1634 tuos
477 1574 574 1668 potuit
594 1578 765 1636 convertere
785 1593 896 1656 mores,

177 1675 228 1738 Tu
247 1693 364 1754 quoqne
384 1677 429 1738 uti
448 1675 534 1738 fieres
554 1678 662 1740 nobilia
683 1677 816 1740 historia.

138 1779 250 1841 Desine
266 1778 330 1856 jam
350 1795 488 1840 revocare
508 1779 568 1840 tuis
588 1780 719 1858 perjuria
738 1780 855 1859 verbis,

178 1881 324 1961 Cynthia,
346 1886 376 1942 et
397 1883 503 1944 oblitos
524 1901 612 1960 pareo
633 1901 750 1944 movere
771 1883 859 1945 deos:

139 1987 248 2049 Audax
268 1985 307 2048 ah
327 1987 465 2066 nimium,
485 1965 583 2048 nostro
605 1987 733 2049 dolitura
752 1989 879 2069 periclo,

181 2091 214 2154 si
234 2091 306 2171 quid
325 2091 400 2153 forte
420 2092 476 2153 tibi
496 2091 597 2170 durius
616 2093 763 2154 inciderit

141 2197 225 2258 llnts
243 2197 325 2274 prins
344 2198 431 2256 vasto
451 2195 589 2256 labentur
608 2195 731 2256 flumina
751 2199 855 2274 ponto,

180 2299 284 2360 Annus
305 2303 335 2360 et
355 2299 487 2360 inversas
508 2298 624 2359 dnxemt
646 2301 714 2358 ante
734 2299 831 2376 vices,

142 2403 238 2480 Quam
258 2408 310 2464 tna
330 2403 384 2464 sub
404 2406 503 2464 nostro
523 2406 652 2463 mutetur
671 2405 789 2482 peotore
810 2419 895 2464 eura:

182 2507 230 2567 Sis
251 2506 453 2584 quodcumque
466 2492 570 2585 ¹voles,
591 2525 650 2567 non
670 2507 769 2566 aliena
788 2511 897 2570 tamen.

140 2610 218 2670 Nam
239 2608 312 2669 mihi
332 2627 370 2669 ne
390 2609 465 2670 viles
486 2610 537 2670 isti
557 2609 714 2670 videantur
734 2611 836 2688 ooelli,

178 2712 237 2771 Per
256 2728 331 2787 quas
351 2727 440 2788 saepe
460 2709 534 2793 miln'
555 2710 667 2770 medita
687 2711 812 2788 perfidia
831 2715 893 2774 est!

142 2813 204 2874 Hos
224 2817 257 2874 tn
272 2811 412 2890 jurabas,
433 2811 460 2873 si
480 2812 552 2889 quid
572 2798 696 2874 mentita
717 2814 840 2895 fuisses,

181 2918 223 2978 Ut
242 2916 298 2976 tibi
318 2915 479 2993 suppositis
501 2917 669 2978 exciderent
690 2920 842 2980 manibus:

142 3020 180 3081 ut
201 3023 302 3080 oonba
322 3036 461 3096 magnum
481 3024 565 3097 p'otes
586 3020 640 3080 hos
661 3021 795 3082 attollere
817 3019 930 3102 Solem,

135 3110 137 3114 ’
181 3125 245 3185 Neo
265 3123 366 3184 tremis
390 3121 536 3186 admissae
557 3123 674 3184 conseia
694 3125 869 3201 nequitiae?

144 3225 216 3302 Quis
236 3231 267 3287 te
287 3227 411 3304 cogebat
430 3227 538 3288 multos
557 3227 670 3304 pallere
691 3228 818 3307 eolores,
905 3223 906 3226 ’

181 3331 221 3390 ut
239 3330 341 3390 fletum
361 3330 462 3390 invitis
483 3330 590 3390 duoere
611 3329 796 3390 luminibus?
1078 3339 1119 3398 40

147 3431 217 3508 Quis
239 3433 294 3510 eg'o
313 3450 390 3492 nuno
410 3448 514 3510 pereo,
536 3431 647 3493 similes
668 3433 830 3494 moniturus
851 3417 997 3498 amantes:

186 3537 235 3614 „0
256 3538 346 3600 nullis
366 3542 462 3599 tutum
483 3537 602 3599 eredere
624 3538 819 3600 blanditiisl’'

71 3755 92 3804 b.
116 3758 182 3812 Gron.
191 3766 310 3822 exteram,
324 3760 349 3811 h.
364 3775 383 3812 a.
398 3774 477 3810 eomas
486 3757 615 3810 auaritia
623 3779 629 3818 ;
648 3759 723 3826 Neap.
734 3759 870 3812 hesternos.
886 3760 1118 3827 hariinoompositos.
