2640 4400
725 353 765 414 10

314 529 419 608 Qualis
439 535 469 592 et
488 531 624 594 accubuit
642 532 736 611 primo
756 531 888 612 Cepheia
907 551 1007 597 somno

353 635 462 696 Libora
477 636 541 714 jam
561 636 641 697 duris
662 636 796 698 cautibus
816 635 1019 720 Andromede,

313 738 435 801 Maenas
455 744 486 800 et
505 739 632 801 assiduis
651 739 764 800 Edonis
784 738 863 801 fessa
883 739 997 803 choreis

354 841 458 918 Qualis
477 844 509 904 in
528 842 652 904 herboso
673 843 799 904 concidit
818 843 970 922 Apidano:

314 945 399 1008 Talis
418 947 485 1008 visa
504 945 577 1006 mihi
597 948 715 1008 mollem
735 947 848 1024 spirare
869 948 1014 1028 quietem,

353 1048 483 1126 Cynthia
502 1068 560 1111 non
581 1051 668 1111 certis
688 1049 759 1110 nixa
779 1054 867 1128 caput
887 1051 1037 1130 manibus,

312 1151 405 1212 Ebria
424 1169 490 1212 cum
509 1151 600 1212 multo
620 1147 767 1212 traherem
787 1153 914 1229 vestigia
934 1153 1066 1234 Baccho,

351 1253 392 1314 Et
411 1257 566 1330 quaterent
587 1270 654 1313 sera
673 1256 758 1313 nocte
779 1252 874 1314 facem
893 1255 987 1330 pueri.
1255 1262 1289 1319 10

312 1357 397 1418 Hanc
417 1374 487 1436 ego,
508 1357 638 1418 nondum
659 1357 749 1416 etiam
770 1375 873 1418 sensus
895 1358 1064 1436 deperditus
1084 1379 1204 1442 omnes,

352 1461 480 1522 Molliter
500 1461 642 1540 impresso
662 1479 749 1522 conor
769 1461 851 1522 adire
871 1465 950 1543 toro;

313 1563 353 1626 Et
373 1564 507 1640 quamvis
528 1564 637 1641 duplici
658 1567 822 1642 correptum
842 1565 945 1626 ardore
961 1567 1101 1644 Juberent

354 1665 544 1756 HacAmor,
565 1665 621 1726 hac
640 1666 732 1726 Liber
752 1665 855 1746 (durus
875 1671 998 1745 uterque
1018 1669 1120 1752 deus),

314 1769 451 1848 Subjecto
471 1770 577 1831 leviter
595 1770 722 1847 positam
742 1773 855 1831 tentare
876 1773 1000 1853 lacerto,

354 1873 519 1951 Osculaque
540 1875 658 1935 admota
677 1891 792 1934 sumere
812 1877 843 1934 et
863 1893 945 1934 arma
964 1894 1069 1956 manu,

314 1977 381 2039 Non
401 1981 500 2038 tamen
519 1995 608 2038 ausus
630 1994 710 2036 eram
729 1975 864 2036 dominae
884 1979 1002 2038 turbare
1023 1979 1169 2060 quietem,

353 2081 502 2158 Expertae
522 2083 654 2140 metuens
674 2078 798 2138 verbera
818 2079 976 2159 saevitiae,

314 2181 374 2245 Sed
394 2183 437 2244 sic
457 2182 577 2242 intentis
598 2179 756 2242 haerebam
775 2177 851 2242 fixus
872 2181 988 2262 ocellis,

353 2278 451 2357 Argus
471 2283 504 2340 ut
525 2278 632 2356 ignotis
653 2277 789 2338 cornibus
810 2276 973 2338 Inachidos.

313 2382 354 2444 Et
374 2381 458 2442 modo
479 2379 629 2441 solvebam
648 2383 750 2440 nostra
770 2379 807 2439 de
828 2378 922 2440 fronte
943 2380 1079 2461 corollas,

355 2485 561 2560 Ponebamque
581 2483 655 2563 tuis,
677 2481 822 2563 Cynthia,
842 2484 1037 2564 temporibus3

313 2590 354 2652 Et
373 2589 459 2650 modo
478 2589 642 2665 gaudebam
661 2588 760 2665 lapsos
780 2586 904 2648 formare
925 2588 1061 2666 capillos,

354 2692 441 2754 Nunc
460 2691 569 2750 firrtiva
589 2690 670 2750 cavis
690 2707 777 2767 poma
797 2690 904 2750 dabam
923 2691 1072 2772 manibus,

315 2788 477 2866 Omniaque
498 2789 613 2865 ingrato
634 2787 765 2863 largibar
784 2805 905 2848 munera
924 2807 1040 2868 somno,

353 2891 476 2952 Munera
496 2891 532 2951 de
552 2908 644 2969 prono
664 2907 753 2966 saepe
773 2891 874 2951 voluta
895 2891 970 2952 sinu.

314 2996 354 3059 Et
374 2997 489 3074 quoties
509 3015 574 3057 raro
595 2996 679 3056 duxti
699 2995 826 3072 suspiria
845 3000 940 3076 motu,

355 3098 500 3176 Obstupui
520 3117 596 3159 vano
617 3098 753 3160 credulus
774 3099 921 3178 auspicio,

313 3203 361 3266 Ne
381 3221 441 3279 qua
459 3202 515 3262 tibi
535 3202 669 3263 insolitos
690 3206 840 3280 portarent
860 3203 925 3263 visa
944 3202 1079 3282 timores,

353 3307 438 3368 Neve
459 3306 524 3383 quis
545 3305 668 3365 invitam
690 3309 806 3382 cogeret
827 3323 892 3366 esse
913 3324 1013 3367 suam:

313 3409 414 3470 Donec
434 3409 566 3469 diversas
586 3426 757 3485 percurrens
777 3407 864 3468 Luna
883 3408 1043 3489 fenestras,

354 3511 440 3573 Luna
460 3513 614 3573 moraturis
634 3512 739 3573 sedula
758 3512 933 3592 luminibus,

315 3613 496 3694 compositos
517 3616 631 3678 levibus
651 3615 743 3677 radiis
763 3615 903 3694 patefecit
922 3618 1039 3679 ocellos.

356 3717 406 3780 Sic
426 3720 468 3781 ait
488 3719 520 3782 in
539 3720 620 3781 molli
639 3718 700 3782 fixa
720 3723 782 3782 toro
802 3719 948 3782 cubitum:
