2624 4398
701 349 760 410 108

303 520 429 601 lingna,
449 519 521 600 viri,
542 536 670 582 meroes:
691 523 777 598 paret
795 520 902 582 ultima
921 523 1000 584 terra
1018 522 1202 605 triumphem

342 623 444 702 Tigris
466 626 496 684 et
516 622 683 702 Euphrates
703 623 759 684 sab
777 626 830 685 tna
845 623 916 702 jura
931 624 1036 705 fluent3

304 726 392 789 Seres
412 731 442 788 et
461 726 601 789 Ausoniis
620 727 741 790 venient
760 729 911 806 provincia
930 728 1039 810 virgis3
1257 729 1271 788 5

345 829 528 892 Adsuescent
547 830 635 892 Latio
654 831 766 893 Partha
785 835 906 910 tropaea
922 831 995 894 Iovi.

305 934 367 1014 Ite,
388 935 484 1015 agite,
506 938 646 1014 expertae
665 936 744 998 bello
764 937 835 998 date
854 937 947 999 lintea
967 955 1087 1018 prorae,

344 1038 386 1099 m
404 1039 522 1100 solitum
542 1039 680 1116 armigeri
700 1039 799 1101 ‹luoite
818 1053 931 1102 munus
944 1041 1022 1118 equi.

306 1139 414 1202 Omina
433 1140 532 1202 fauste
551 1159 639 1203 sano:
660 1140 780 1204 Crassos
800 1142 973 1220 clademque
993 1143 1090 1222 piate:

348 1245 394 1306 Ite
414 1248 445 1306 et
464 1245 614 1307 Romanae
634 1247 777 1308 consulite
796 1246 947 1309 historiae.
1242 1251 1273 1308 10

307 1347 377 1427 Ipsa
395 1352 478 1409 tuam
497 1366 585 1410 serva
603 1349 730 1429 prolem,
752 1349 869 1411 Venusl
889 1351 953 1435 Hoo
973 1351 1064 1412 sitin
1084 1370 1207 1434 sevum,

346 1449 450 1512 Cernis
470 1451 508 1512 ab
528 1450 632 1513 Aenea
651 1452 730 1530 quod
750 1471 905 1531 superesse
925 1458 1023 1532 eaput

306 1553 386 1616 Mars
405 1558 489 1635 pater
509 1559 540 1617 et
559 1573 661 1618 saorae
680 1557 784 1618 fatalia
804 1558 917 1619 lumina
936 1559 1064 1639 Vestae,

346 1658 424 1721 Ante
444 1676 525 1722 meos
544 1660 642 1722 obitus
662 1661 716 1741 sit,
737 1678 855 1742 preoor,
876 1662 929 1724 illa
948 1663 1028 1742 dies,

309 1762 375 1837 Qua
394 1762 512 1825 videm
531 1764 634 1842 spoliis
653 1768 788 1826 oneratos
808 1763 945 1826 Caesaris
964 1783 1053 1844 axes,
1241 1763 1271 1823 15

347 1863 396 1928 Ae
415 1865 498 1943 vulgi
515 1867 637 1944 plausus
660 1884 750 1947 saepe
769 1867 907 1930 resistere
928 1885 1033 1947 equos,

309 1968 387 2031 'lels
406 1968 520 2046 fugacis
540 1970 625 2051 eqni,
646 1974 677 2032 et
695 1970 826 2032 brsoeati
845 1970 948 2032 militis
965 1959 1070 2050 arens,

349 2071 389 2133 m
409 2071 510 2134 subter
530 2076 630 2151 captos
650 2090 733 2133 arms
752 2071 855 2134 sedere
875 2072 974 2134 duoes.

309 2176 403 2254 Inque
422 2175 489 2238 sinu
509 2194 595 2238 sarae
612 2175 700 2237 uinus
719 2179 852 2254 spectare
871 2176 989 2253 puellae

349 2279 510 2361 insipiam,
532 2284 563 2341 et
580 2280 676 2342 titulis
696 2280 805 2359 oppida
823 2281 904 2343 vieta
923 2283 1029 2359 legam.
1242 2280 1274 2338 20

310 2382 426 2445 Praeda
446 2383 485 2445 sit
505 2382 580 2445 haee
599 2383 676 2464 illis,
697 2401 820 2460 quorum
840 2401 972 2446 meruere
992 2384 1124 2464 labores,

351 2486 394 2549 Mi
413 2491 460 2548 sat
480 2488 538 2550 erit
557 2486 648 2550 Saora
666 2488 808 2568 plaudere
827 2505 914 2566 posse
935 2486 1001 2548 Via

243 2645 268 2696 3.
308 2643 375 2704 Viri5
392 2643 478 2694 milites
494 2643 620 2709 alloquitur
636 2645 661 2695 in
677 2645 758 2695 Asiam
774 2646 928 2712 prolecturus.

242 2733 267 2786 5.
302 2733 375 2785 eodn
391 2749 458 2793 sera,
475 2735 519 2784 sed
533 2733 653 2784 Ausosis's.
670 2735 814 2802 Interpretss
829 2750 906 2785 seram
923 2735 1026 2784 referunt
1039 2733 1068 2784 sd
1080 2733 1275 2784 assemsum

193 2834 216 2870 v.
233 2818 261 2870 22
279 2817 371 2867 Ultima
386 2818 450 2866 terre
464 2815 542 2866 reniet
557 2831 620 2876 sere,
638 2817 677 2867 sed
693 2819 772 2867 tsmen
787 2817 864 2867 veniet
879 2819 924 2868 stc.
942 2816 1037 2882 engils
1053 2817 1170 2867 sententis
1180 2811 1275 2878 inlyrioo

195 2898 309 2960 armine,
327 2914 430 2966 quaeque
446 2914 529 2965 parum
545 2900 651 2964 Angusto
667 2901 735 2965 grets
751 2900 839 2950 fnisset.
856 2899 980 2949 Praeterea
992 2898 1054 2948 inter
1069 2899 1182 2949 ultiman
1197 2900 1274 2947 mas

194 2986 219 3033 et
240 2997 318 3033 seran
338 2983 375 3032 est
395 2997 476 3032 sersus
498 2980 543 3030 slis
565 2981 658 3032 nomina
680 2981 825 3031 substantive
844 2982 983 3048 praeferens.
1016 2981 1090 3030 Jsuns
1113 2981 1238 3032 Gulielmius
1255 2979 1275 3025 et

195 3064 307 3117 Nioolsus
323 3063 433 3114 Heinsius
450 3066 601 3130 reposuerunt
617 3064 685 3115 Seres
700 3069 725 3114 st
740 3064 854 3114 Ausoniis
871 3063 1018 3128 majestate,
1041 3077 1112 3128 quem
1126 3078 1220 3120 veram,
1235 3073 1274 3108 non

194 3150 288 3200 sutum
310 3147 438 3213 eleguntem
456 3146 543 3212 jndieo.
575 3145 676 3198 librarii
692 3147 717 3197 in
733 3146 864 3197 nominibus
881 3145 983 3214 propriis
1000 3143 1134 3210 saepissime
1150 3143 1275 3194 haersutet

195 3230 314 3281 mbunmr.
345 3229 384 3280 Sis
400 3230 473 3280 Gron.
490 3246 513 3280 s.
531 3230 547 3279 9
563 3228 635 3280 hebet
656 3231 743 3280 classes
759 3245 802 3297 pro
826 3231 931 3279 Crassos.
964 3228 1056 3277 Notum
1076 3229 1113 3276 est
1130 3225 1274 3278 Housmam

194 3312 286 3377 (Germ.
300 3312 325 3373 1,
336 3312 378 3375 12)
394 3313 464 3364 Seras
480 3316 504 3362 st
519 3311 607 3371 Indos,
624 3311 772 3378 praecedente
789 3311 899 3362 Parthos
915 3309 987 3361 batto
1003 3309 1160 3362 sanemus.

230 3401 275 3461 11,
292 3401 332 3452 12.
366 3401 418 3452 Hos
433 3415 516 3452 sersus
533 3399 605 3451 eodo
622 3403 676 3467 post
693 3401 724 3451 18
741 3401 863 3452 eolloesnt.

230 3490 269 3542 1⁷.
303 3490 435 3542 Distiehnm
451 3493 504 3558 post
518 3508 541 3542 v.
556 3491 589 3542 20
600 3490 706 3542 inserunt
719 3490 804 3552 eodo„
819 3491 879 3543 unde
892 3491 950 3541 durs
962 3492 986 3542 et
997 3487 1151 3542 intolerabilis
1164 3487 1273 3541 meorum

195 3573 337 3627 onesimo
354 3589 368 3628 s
385 3574 478 3626 cussis
494 3576 583 3624 memte.

229 3663 271 3716 20.
305 3661 378 3714 codd.
403 3663 490 3731 oppida
515 3668 586 3730 capta
609 3666 664 3732 post
689 3668 770 3731 captos
794 3663 878 3724 deses,
904 3661 1035 3713 scribarum
1055 3659 1149 3729 eulpam
1171 3657 1271 3712 existimo.

197 3745 300 3816 Reposui
316 3745 388 3800 msa.
405 3745 523 3808 libellus,
541 3744 594 3798 Iib.
611 3747 662 3798 seo.
678 3745 708 3798 δι
725 3747 789 3798 Asis
804 3759 860 3799 saos
875 3759 960 3799 sarrm
976 3743 1064 3812 oppida
1079 3743 1141 3795 victe
1150 3741 1226 3811 serat.
1300 3807 1301 3812 ἵ
