2624 4398
348 810 654 885 erenum
685 810 855 883 LIBRI
884 811 1152 884 SECUNDI.

577 1015 750 1090 ιιιιιιιιιΙ
763 1015 928 1066 unumne.
945 993 949 1012 '

508 1185 615 1238 Versus
640 1199 819 1239 irrueremus
844 1183 882 1238 Ili.
910 1183 1002 1239 xx1x.
1197 1225 1200 1230 Δ

240 1363 353 1430 Virgilius
361 1363 420 1416 obiit
427 1381 464 1417 en.
473 1381 494 1418 ι
504 1385 527 1418 u.
537 1383 557 1418 ι.
568 1367 734 1428 DOOXXXV,
750 1369 874 1435 ienmtque
887 1384 939 1420 eom
948 1384 986 1418 ou.
995 1365 1147 1418 DOOXXXI
1157 1363 1262 1416 Aeneidos

271 1445 343 1504 libros
361 1446 403 1506 ΙΙ,
421 1447 459 1498 lV
476 1450 500 1498 et
517 1449 555 1498 VI
573 1451 680 1515 Augusto
696 1449 839 1500 reeitovime.
872 1450 898 1500 Si
918 1449 992 1516 igitur
1009 1449 1039 1499 ed
1055 1452 1192 1515 temporum
1209 1446 1263 1496 onii-

271 1544 325 1578 nem
348 1528 472 1595 respicias,
497 1529 557 1580 nihil
580 1529 645 1582 vetet
667 1533 724 1599 quin
746 1532 854 1583 Metonis
876 1531 957 1583 leudes
977 1531 1063 1582 ultime
1078 1529 1154 1596 elegio
1171 1527 1262 1580 Seonndi

249 1671 253 1678 ¹
272 1609 338 1660 Libri
355 1610 456 1672 insertae
472 1613 598 1679 Propertio
620 1613 764 1668 tribuuntur.
793 1615 882 1664 Vetuut
905 1617 984 1664 enimn
1006 1613 1100 1679 potiore
1122 1613 1262 1676 argumente

272 1693 353 1743 Primo
366 1693 428 1743 enim
443 1709 497 1743 oum
511 1694 594 1760 Elegio
608 1696 692 1746 xx1x
702 1695 838 1747 nullomodo
847 1696 985 1754 cohoerent5
1002 1694 1084 1744 dende
1093 1710 1141 1745 non
1150 1691 1263 1760 Propertii
1299 1689 1300 1706 ¹

271 1773 363 1840 ingenio
381 1775 534 1835 conveniunt,
551 1777 604 1842 qui,
622 1794 675 1827 oum
691 1779 757 1827 totus
774 1779 878 1827 Groeous
895 1781 967 1837 esset,
991 1791 1133 1843 numquam
1151 1778 1182 1826 ut
1197 1778 1261 1842 puto,

208 1842 210 1846 ¹
272 1857 379 1909 dixisset:
410 1857 489 1908 nescio
511 1857 572 1924 quid
591 1859 670 1924 majus
689 1859 799 1910 nasetur
820 1861 917 1918 Iliade5
942 1875 1017 1926 neque
1046 1858 1127 1918 illum,
1158 1857 1264 1924 elegantia

269 1940 398 2006 insignem,
421 1941 524 1991 ourminu
546 1944 596 1991 tum
616 1941 684 1991 rudia
700 1945 724 1991 et
739 1942 860 2008 inoompto
876 1941 994 2002 dictitoese
1010 1941 1169 1992 concederem.
1205 1942 1264 2006 Quor

271 2023 444 2074 Heimreiohius
464 2023 498 2073 ito
520 2023 640 2074 commode
664 2024 756 2085 noent,
782 2028 810 2074 ut
834 2023 918 2074 melius
947 2024 998 2074 fieri
1025 2040 1072 2074 non
1097 2023 1182 2090 possit.
1213 2023 1264 2086 Ejus

270 2106 348 2158 verbio
363 2105 432 2157 utero¹
467 2104 590 2156 :Omnino
616 2105 660 2156 hoe
684 2105 737 2156 loeo
763 2105 806 2168 (uit
827 2105 910 2156 doetus
932 2105 978 2168 vir)
995 2121 1042 2156 non
1064 2109 1160 2172 poterut
1174 2104 1262 2154 leniore

271 2189 403 2256 Vergilium
424 2191 506 2256 poete,
529 2188 550 2237 si
572 2188 666 2254 quidem
688 2203 757 2238 sonus
774 2188 798 2242 ei
813 2191 968 2239 erut-sensus.
1003 2187 1087 2238 'l‘otius
1104 2189 1168 2238 enim
1184 2187 1263 2252 elegiae

269 2275 433 2338 argumentum
454 2272 479 2321 in
502 2287 529 2321 ιο
551 2274 671 2330 versetur,
693 2274 721 2321 ιιι
737 2272 915 2321 contemnendos
932 2286 981 2320 esse
998 2275 1079 2337 poetes
1096 2269 1189 2336 epieos,
1207 2267 1263 2318 solos

268 2353 394 2404 imitandos
419 2369 468 2403 esse
492 2355 573 2419 poetes
595 2351 709 2417 elegieoos
726 2351 881 2411 domonstret;
904 2355 1039 2418 contempto
1056 2351 1132 2417 igitur
1150 2351 1264 2407 Homero,

270 2436 449 2487 contemnendus
471 2451 564 2501 quoque
586 2438 611 2485 et
632 2434 785 2500 negligendus
801 2437 852 2485 eret
868 2435 988 2485 Homerus
1005 2435 1135 2485 Romenns.
1166 2432 1265 2496 Denique

271 2516 330 2568 nihil
346 2533 396 2568 osse
413 2517 517 2583 Vergilio
532 2534 587 2568 oum
602 2518 720 2577 Varrone,
736 2517 844 2578 Cotnllo,
855 2517 941 2578 Celso,
951 2516 1034 2576 Gullo,
1043 2515 1169 2583 Propertio
1175 2518 1265 2579 totaque

269 2599 334 2666 poesi
350 2598 462 2665 elegiaco,
479 2615 526 2650 uon
544 2600 658 2665 estquod
674 2614 792 2658 moneum;
810 2616 866 2650 nom
873 2596 1264 2666 hnudpurvomtumortumhrisse

270 2680 452 2733 oontroversiom
467 2680 529 2731 inter
545 2697 618 2731 novos
635 2685 715 2748 poetes
732 2685 757 2731 ιι
773 2685 880 2732 oontores
896 2680 1055 2748 Euphorionis
1071 2684 1109 2731 set
1125 2683 1208 2731 notum
1223 2683 1263 2730 est

271 2763 324 2828 Qua
346 2764 375 2814 de
396 2778 467 2812 eume
483 2763 620 2830 Propertius
637 2780 712 2831 neque
731 2764 862 2830 Vergilium
880 2763 928 2815 ullo
945 2763 991 2814 olio
1007 2763 1060 2816 loeo
1077 2760 1264 2814 commemorarit

269 2861 343 2911 neque
365 2845 507 2904 Horatium
530 2849 555 2896 et
577 2861 606 2895 ne
629 2845 751 2898 Tibullum
768 2847 872 2912 quidem,
890 2862 960 2912 quem
977 2845 1078 2895 emioum
1094 2845 1167 2896 finisse
1182 2844 1264 2894 sumne

270 2929 357 2978 Horati
373 2931 398 2978 ιι
415 2927 513 2993 Vergili.
540 2929 625 2994 Itnqne
644 2966 650 2978 .
668 2966 675 2979 .
694 2967 700 2979 .
719 2967 725 2980 .
743 2945 842 2996 prorsus
852 2933 888 2980 ost
896 2928 1034 2988 absurdum,
1043 2927 1140 2978 londeto
1150 2925 1263 2992 Vergilio,

268 3011 336 3076 quusi
351 3009 411 3060 nihil
427 3010 520 3060 intersit
535 3010 598 3061 inter
615 3010 746 3075 Vergilium
763 3014 788 3061 ιι
804 3015 885 3077 poetes
901 3010 1186 3076 elegiuoos‚itepergere:
1199 3007 1264 3058 Haeo

269 3107 359 3158 quoque
375 3093 486 3159 perfeeto
508 3093 606 3142 ludebat
626 3093 715 3142 Iasone
743 3091 820 3142 Varro
837 3095 874 3142 eto
875 3130 983 3144 .....
1001 3094 1039 3142 Νι
1055 3092 1143 3143 multo:
1163 3089 1263 3143 totusin

269 3175 401 3241 Vergilium
415 3175 568 3241 penegyrieus
582 3175 739 3241 interpolatus
748 3178 799 3226 est.
817 3212 824 3227 .
843 3212 849 3226 .
867 3211 874 3224 .
894 3171 1262 3242 Interhosintorpolotosversus

268 3262 356 3326 septem
372 3257 483 3323 leguniur
498 3257 523 3308 iu
541 3256 654 3308 vocabulo
670 3256 799 3307 multorum
817 3256 961 3322 sylloberum
978 3261 1096 3308 exeuntes.
1131 3257 1189 3306 Dein
1205 3251 1261 3304 miro

268 3340 369 3405 quodem
391 3343 416 3390 et
435 3355 508 3406 peene
530 3339 629 3390 absurdo
646 3341 715 3390 modo
733 3356 747 3389 ι
763 3344 832 3407 poete
848 3339 963 3390 hesternis
979 3340 1057 3405 posito
1075 3338 1169 3389 corollis
1185 3341 1216 3400 (v.
1233 3335 1262 3384 36

269 3422 305 3472 lli.
324 3423 416 3484 xxix)
436 3422 466 3472 od
484 3422 615 3488 Vergilium
631 3422 735 3473 deflectit
752 3422 835 3472 oratio.
853 3421 959 3488 Denique
975 3422 1032 3472 huoo
1048 3425 1100 3473 toto
1116 3419 1216 3473 lauditio
1232 3418 1262 3467 iu

268 3503 318 3555 eine
338 3503 388 3554 ulle
409 3503 523 3570 eleguntio
547 3506 647 3556 ooulluto
663 3509 699 3555 est
715 3521 727 3555 e
743 3505 802 3556 loeis
819 3504 957 3571 quibusdem
974 3504 1133 3570 Vergilium,
1150 3508 1177 3554 nt
1190 3502 1260 3551 inter·

270 3584 398 3653 polotorem
419 3602 449 3636 ne
471 3586 529 3636 sotis
551 3587 645 3654 quidem
668 3589 764 3640 doctum
785 3587 858 3638 fuisse
875 3592 994 3655 oppereot.
1030 3588 1188 3655 Interpolotor
1204 3585 1260 3634 enim

269 3666 362 3732 eelogos
374 3668 531 3734 oomposnisse
539 3669 584 3720 sibi
593 3671 711 3737 persuasit
729 3667 861 3737 Vergilium
870 3671 974 3722 umbrosi
980 3671 1062 3722 subter
1065 3672 1151 3737 pisseto
1161 3665 1260 3722 Galaesi.

269 3750 380 3800 Attamen
397 3753 453 3800 tuno
469 3751 583 3818 temporis
600 3754 734 3818 Vergilium
750 3750 857 3806 Andibus
872 3755 933 3821 opud
942 3755 1067 3806 Mortuum
1081 3754 1152 3806 inisse
1160 3752 1258 3804 oonstots
