2624 4398
678 348 721 408 38

271 519 376 581 sidem
395 522 464 584 suut
483 521 574 582 testes
595 522 626 582 st
645 517 790 583 nausias
810 520 915 596 omina

309 623 350 682 at
369 621 469 682 turtius
490 622 597 684 misero
613 622 832 700 januaspeata
850 622 939 696 mihi;

269 725 316 785 Te
335 723 412 784 nihil
431 725 462 784 in
482 725 545 786 vita
564 725 649 786 nobis
670 725 819 802 seeeptius
839 739 995 802 uuquams

308 829 394 888 Nuno
414 845 529 904 quoque
551 827 623 907 eris,
644 827 787 903 quamvis
799 827 840 888 sis
861 827 981 888 inimica
1000 826 1091 888 mihi:

269 933 333 992 Neo
354 932 472 994 domins
491 932 554 992 ulla
573 947 639 992 mou
659 935 749 1008 ponet
768 931 896 1007 vestigia
915 930 1008 1010 leoto;

312 1034 397 1096 Solus
418 1051 481 1113 ero,
502 1034 639 1112 quoniam
660 1053 718 1096 nou
738 1033 809 1094 linet
829 1051 895 1096 esse
914 1039 1006 1099 uum.
1216 1039 1257 1096 40

201 1176 224 1226 7.
258 1177 332 1224 (Iron¹
350 1174 478 1238 superbae,·
502 1175 577 1238 Nesp.
594 1173 707 1237 superbs5
730 1173 830 1222 Pueoius
846 1173 954 1238 superba.
981 1173 1059 1224 Niobe
1068 1173 1256 1242 olimsuperbs,

152 1274 213 1308 nuno
229 1257 321 1307 flebilis.
339 1285 374 1296 --
390 1257 445 1305 Vsu,
465 1256 480 1304 8
499 1255 583 1322 defluit
599 1255 730 1306 transitive.

186 1348 225 1396 14.
263 1347 399 1405 Gravitate,
417 1344 558 1400 coustantis;
576 1343 643 1410 quasi
659 1343 751 1394 levitati
766 1345 906 1410 opponatur.

184 1438 225 1486 21.
259 1436 347 1484 Versus
364 1436 409 1493 29,
428 1435 472 1493 30,
490 1435 535 1492 31,
553 1435 585 1482 32
603 1433 641 1482 hio
660 1433 756 1484 Codices
774 1433 897 1484 collocant.

184 1525 224 1576 27.
258 1524 355 1583 Versus,
372 1539 444 1588 vogen
459 1523 521 1572 inter
537 1523 642 1572 volueres
659 1523 737 1588 sisyn
756 1539 830 1588 poena
846 1540 898 1572 mes
914 1523 945 1573 sit
962 1541 1036 1590 poena
1052 1525 1128 1600 IItyi.

183 1615 223 1663 29.
258 1612 345 1662 Orbita
363 1615 441 1661 laune.
459 1613 526 1660 Luna
542 1628 586 1676 pro
603 1610 648 1660 diei
665 1611 740 1676 spatio
758 1613 793 1661 est
809 1612 999 1676 intelligendum,
1017 1613 1079 1679 quod
1093 1613 1150 1678 jam
1168 1614 1256 1665 Passe-

149 1697 224 1746 ratius
241 1695 339 1746 viderst.
366 1696 477 1744 Fortasse
493 1695 583 1744 siucero
599 1694 668 1743 lectio
685 1697 732 1743 est:
750 1695 830 1744 orbita
847 1695 914 1744 tirou.

183 1787 223 1836 31.
258 1787 330 1835 Gron.
347 1800 395 1834 nou
412 1798 551 1850 uunquam
570 1786 647 1849 Nesp.
663 1796 711 1832 nou
728 1798 846 1848 uuquam.

184 1876 224 1925 33.
259 1873 331 1922 Codd.
347 1875 396 1923 Nee
411 1879 445 1936 tu.
464 1873 629 1922 Verisirniliter
642 1871 776 1936 lnteIIIguut
788 1872 915 1937 Omrthiam
923 1871 1050 1938 pugillares
1059 1871 1088 1922 sd
1097 1873 1259 1940 Propertium

151 1957 252 2014 misisse,
269 1953 392 2020 inquibus
407 1954 434 2003 de
449 1955 602 2020 ejusperfidin
611 1952 757 2020 querebatur.
775 1955 851 2006 Sedet
859 1954 1016 2006 aliosmeeum
1024 1957 1105 2006 forsan
1113 1961 1259 2022 pertaesum

151 2039 196 2088 erit
208 2037 349 2102 supplicium
362 2035 515 2095 tabellarum,
528 2036 610 2102 qulbus
621 2036 723 2100 Cynthia
731 2041 856 2106 ueneratur
865 2037 1023 2102 Propertium.
1037 2037 1173 2088 Emendavi
1181 2042 1260 2089 Nuus

153 2125 179 2170 tu
202 2119 346 2184 supplicibus
368 2135 404 2168 me
425 2119 458 2168 sis
480 2125 592 2168 venerata
609 2118 711 2167 tabellis.
746 2117 799 2176 Me,
817 2133 860 2183 pro
877 2135 893 2166 a
910 2135 952 2167 me.
993 2119 1123 2178 Venerato,
1143 2123 1260 2186 passive,

152 2201 221 2250 sicuti
237 2200 262 2248 in
279 2201 380 2250 Horatio
397 2203 441 2249 sat.
460 2201 501 2259 II,
520 2201 548 2259 2,
568 2201 627 2250 124:
646 2201 681 2249 At
697 2205 808 2250 amunta
824 2201 904 2258 Ceres,
919 2201 956 2249 itu
969 2203 1045 2250 culmo
1059 2207 1171 2266 surperet
1185 2207 1259 2264 alto,

150 2282 276 2348 Explicuit
291 2287 335 2332 eto.
976 2327 988 2351 ‚

185 2372 225 2421 34.
264 2373 320 2421 l‘ost
336 2372 391 2421 huso
409 2375 484 2438 Neap.
502 2375 526 2422 et
542 2371 626 2421 oseteri
643 2371 715 2428 Codd.
732 2371 819 2422 habeut
835 2371 962 2422 distichon:

351 2454 404 2503 Hoo
421 2455 480 2503 mihi
496 2456 635 2520 perpetuum
649 2453 689 2518 jus
706 2456 753 2511 est,
772 2453 832 2518 quod
850 2453 912 2503 solus
929 2455 1032 2514 amator,

384 2537 435 2584 Nec
453 2536 500 2584 ciis
517 2535 615 2592 desisto,
633 2551 674 2584 neo
691 2538 777 2584 temere
793 2535 887 2601 incipio.
1089 2599 1092 2604 Ι

151 2615 185 2664 At
206 2614 270 2664 deest
291 2614 316 2664 in
327 2652 329 2658 .
340 2615 500 2681 Grouiugauo,
526 2620 549 2666 et
572 2633 586 2664 s
604 2617 721 2666 iuuenco
737 2616 835 2666 Jsoobio
851 2616 1018 2683 interpolatum
1031 2617 1160 2681 judicatur.
1189 2621 1260 2673 Cum

151 2713 190 2747 sex
208 2712 288 2747 versus
305 2702 424 2762 sequentes
442 2702 507 2749 extra
523 2699 600 2748 sedem
615 2701 767 2762 vagarentur,
791 2699 907 2748 distichon
924 2699 980 2748 sotis
996 2700 1103 2766 ineptum
1119 2704 1261 2754 confictum

151 2795 231 2829 censeo
244 2780 353 2846 imperita
366 2796 449 2838 mauu,
464 2783 491 2829 ut
505 2780 602 2830 carmini
611 2796 658 2830 uon
671 2781 856 2846 ineptumtiuem
863 2780 999 2848 imponeret.
1017 2781 1064 2832 Illo
1073 2783 1161 2834 omisso
1170 2788 1262 2837 omnis

151 2862 288 2922 cohaerent,
306 2861 366 2912 nihil
381 2862 531 2912 desideratur.

476 3044 752 3112 alaoth
797 3047 923 3115 XXIII.

496 3177 759 3226 balsamum
774 3180 906 3230 sonus

418 3272 501 3334 (Codd.
526 3277 551 3324 ot
575 3275 658 3326 Burm.
685 3276 730 3334 18,
756 3277 853 3326 Laohm.
880 3278 925 3338 19,
948 3278 980 3340 Ι.)

187 3383 267 3451 ΙΙοιιιιιΙ
285 3385 416 3450 prossotus,
434 3385 459 3434 in
474 3385 532 3436 locis
548 3387 644 3436 desertis
661 3392 776 3440 versatur.
806 3391 887 3450 Saxis,
905 3391 984 3450 silvis,
1001 3391 1105 3442 fontibus
1122 3393 1219 3445 dolores

201 3466 373 3526 suossonfidit,
389 3470 413 3516 st
425 3468 568 3519 suavissimis
583 3469 732 3535 querimoniis
746 3473 844 3522 amicam
852 3473 938 3523 iratam
946 3489 1083 3540 permovere
1090 3479 1203 3529 coustur.

272 3601 354 3663 Hseo
375 3607 453 3664 oerte
474 3602 592 3666 deserta
612 3607 677 3668 loos
697 3611 728 3668 et
748 3610 895 3670 taeiturua
916 3611 1066 3689 querenti,
1145 3601 1148 3607 ¹

309 3703 373 3765 Neo
393 3724 517 3768 vseuum
537 3707 667 3786 Zephyri
686 3711 819 3786 possidet
839 3730 911 3776 sura
930 3731 1042 3775 nemus.
