2624 4398
550 336 607 394 111

20 504 69 557 isto
85 506 166 566 mori,
182 522 230 557 non
246 505 307 558 meri
323 508 364 558 aut
380 505 454 568 bello,
470 508 563 574 prester
578 508 700 568 nemrim,
717 510 853 575 prseterqne
868 509 951 560 istum
974 507 1019 559 Sed
1033 524 1124 576 pasce,

23 588 58 638 sel
78 594 161 655 perta
185 590 231 639 hoc
255 605 303 639 non
327 589 466 655 significent.
492 590 595 658 Reposui
615 589 724 658 propria.
751 589 819 641 licre
838 606 897 656 quse
913 591 996 658 cuique
1011 607 1029 641 a
1041 593 1128 641 natura

22 673 129 736 praefixe
144 670 200 720 fnit.

55 757 98 807 24.
136 758 213 807 Gron.
226 757 341 824 sparserit
356 757 480 824 iusseras,-
495 759 571 826 Hesp.
588 759 704 826 sparserit
720 765 744 811 el
761 760 883 826 istsqrce5
901 758 1086 824 Hembnrgensis
1100 761 1125 810 el

24 841 164 892 Dresdensis
178 842 269 906 sparsis
284 847 310 892 et
323 842 438 907 breem
463 842 573 908 Perseius
589 845 613 894 et
628 842 782 894 Bononiensis
797 842 913 908 sparserit
928 847 953 893 st
968 840 1059 908 seipsas.

57 931 102 980 31.
137 929 211 980 (hdd.
229 931 267 980 Sil
281 935 382 982 entare
398 931 456 982 dies.

58 1020 102 1070 36.
139 1021 268 1070 ΡΙᾶαᾰκιι
282 1020 353 1086 ipsse,
370 1020 500 1087 splendore.

60 1109 103 1158 39.
139 1108 213 1158 Codd.
229 1108 289 1168 sint,
305 1113 372 1169 sset,
389 1109 434 1160 sis.
453 1108 539 1160 Deinde
555 1115 770 1162 omnesomnes
790 1110 931 1176 Gipeslm
948 1125 996 1160 non
1013 1108 1062 1161 sine
1079 1108 1125 1159 sale

28 1189 127 1240 dictum.
159 1191 280 1240 Memorat
302 1190 414 1256 supplicis
436 1191 564 1256 Gigantum
585 1192 705 1258 madum,
728 1193 782 1244 inde
804 1191 982 1244 incredibiliora.
1007 1193 1125 1260 Hauptius

30 1270 175 1336 corrigebat:
192 1276 310 1322 sommia
325 1277 458 1325 necesses.
484 1273 638 1340 Frigidulnm.
686 1331 689 1340 ,

357 1504 627 1573 ELEGIA
672 1505 797 1572 XXIX.

322 1660 380 1709 sn
400 1661 623 1710 ursonem
642 1661 845 1711 rourum.

265 1781 348 1847 (cous
366 1783 412 1843 34,
430 1783 513 1834 surm.
530 1783 577 1844 so,
595 1783 639 1844 11;
657 1783 755 1835 uacum.
773 1784 818 1843 eo,
834 1782 897 1844 ιιι.)

68 1917 97 1967 In
114 1916 188 1968 Codd.
205 1917 355 1982 conjungitur
371 1934 425 1968 curn
442 1917 536 1967 XXVI.
569 1917 683 1985 Epilogus
700 1920 737 1968 est
752 1916 851 1968 Secundi
868 1914 942 1966 Libri.
973 1915 1093 1979 Lynceus,

98 2001 139 2067 qui
160 1999 248 2067 aliquid
267 1999 293 2050 in
314 2000 440 2066 Cynthium
461 2003 605 2059 tentaverat,
629 1999 674 2049 nllo
690 2001 789 2049 ierimus
809 1998 933 2063 trajecerat
948 1997 1013 2063 ignee
1031 2011 1093 2046 suos.

98 2082 236 2148 Propertius
252 2081 337 2147 geudct
353 2097 406 2132 eum
417 2082 511 2131 tandem
522 2084 650 2132 emntorem
663 2083 763 2140 iectum3
781 2081 862 2131 deinde
874 2080 985 2131 leviorem
997 2079 1093 2128 Musam

99 2179 165 2214 suem
182 2163 294 2223 celebrat,
311 2179 354 2231 per
370 2179 439 2228 quem
457 2166 540 2230 regnet
557 2164 645 2214 mistus
660 2163 725 2215 ister
738 2163 834 2214 concise
845 2163 945 2228 peenas.
964 2157 1095 2224 subigunt

99 2246 143 2296 viri
160 2245 236 2306 docti,
254 2263 310 2296 uum
322 2247 428 2312 Lynceus
444 2246 505 2296 idem
522 2247 554 2296 sit
570 2263 597 2296 ao
614 2247 727 2296 Ponticus
743 2247 783 2312 qui
797 2245 913 2296 Thebaide
921 2243 1093 2310 composuerat.

99 2331 131 2392 (v.
147 2327 186 2378 lul.
203 2328 253 2391 21.)
288 2327 361 2378 Nulle
377 2327 490 2378 dubitatio
507 2329 565 2388 erit,
584 2329 603 2378 si
620 2331 683 2378 recto
698 2328 757 2394 legis
773 2344 796 2378 v.
815 2329 857 2377 1⁷:
876 2327 965 2378 Derim
981 2324 1092 2376 Achilleo

99 2424 235 2476 componere
251 2411 322 2461 uerba
338 2411 469 2472 cothurno,
486 2411 563 2462 idest
579 2411 634 2462 stilo
651 2411 729 2478 spico,
748 2410 884 2461 Homerico.

151 2574 289 2652 Lynceus
309 2574 374 2652 ipse
394 2591 477 2635 meus
498 2591 579 2636 seros
599 2574 713 2635 insanit
732 2590 864 2634 umores:

192 2675 296 2737 Serum
312 2658 346 2738 ¹te
366 2679 481 2738 nostros
503 2678 597 2738 leetm
617 2677 700 2738 edire
720 2676 801 2738 deos.

152 2778 232 2855 Quid
251 2783 303 2841 tue
323 2778 483 2841 Socraticis
503 2781 558 2841 tibi
578 2798 655 2843 nnnc
675 2780 821 2859 sapientie
840 2777 925 2840 libris

191 2881 342 2962 Proderit,
364 2887 416 2944 ent
435 2900 532 2944 rerum
552 2884 651 2944 dicere
671 2901 758 2961 posse
778 2881 869 2943 vias?

152 2985 213 3048 Ant
232 2985 305 3064 quid
325 2984 460 3063 Gargetti
480 2986 536 3049 tibi
555 2991 677 3065 prosunt
696 2986 827 3048 carmine
846 2983 949 3047 lecta?
1105 2979 1126 3040 5

191 3087 245 3150 Nil
261 3087 349 3166 juvet
369 3088 400 3148 in
419 3106 527 3166 megno
546 3093 644 3151 vester
664 3107 763 3151 umore
783 3106 884 3151 senex.

152 3190 201 3253 'ln
221 3190 315 3252 setius
334 3207 494 3256 memorem
513 3191 596 3252 lusus
616 3191 732 3253 imitere
750 3191 899 3253 Philetem

191 3294 232 3355 ut
250 3312 309 3357 non
329 3293 423 3354 infleti
443 3295 557 3356 somnia
577 3293 760 3357 Callimachi.

152 3397 246 3477 Nem,
267 3414 370 3459 cursus
390 3397 461 3459 licet
481 3395 580 3459 Aetoli
598 3398 708 3460 referes
729 3397 871 3478 Acheloi,

192 3500 330 3562 Fluxerit
351 3504 384 3563 nt
404 3519 510 3577 magno
529 3500 638 3562 fractus
658 3519 757 3562 emere
776 3503 888 3581 liquor,
1087 3499 1126 3560 10

154 3603 252 3684 Atque
273 3605 363 3666 etiem
382 3609 417 3666 ut
436 3603 567 3682 Phrygio
588 3604 680 3666 selles
699 3604 871 3668 meandris
891 3612 994 3684 campo

193 3709 298 3790 Errat,
319 3712 350 3770 et
369 3709 436 3787 ipsa
455 3726 524 3771 sues
544 3707 654 3788 decipit
673 3709 753 3770 unde
772 3710 852 3790 vies3
