2624 4398
702 337 760 397 132

302 507 344 569 At
362 511 395 570 tu
414 526 473 570 non
492 508 628 570 meritam
647 527 736 588 perce
755 526 865 572 vexere
884 507 1071 588 Lycinnam:

342 611 446 672 Nescit
465 614 564 673 vestra
583 629 671 673 mens
691 612 738 672 ire
756 612 866 674 referre
886 613 1001 690 pedem.

303 714 405 776 'Pestis
424 715 481 776 crit
500 716 589 777 Dirce
608 735 667 777 non
687 734 758 776 vero
778 715 900 777 crimine
921 733 1011 777 sceva
1233 717 1265 774 15

341 818 473 895 Nycteos
492 817 640 896 Antiopen
661 818 833 879 accubuisse
853 817 945 896 Lyco.

303 919 352 980 Ah
372 922 506 998 quotiens
526 922 664 1000 pulchros
684 922 760 984 ussit
779 923 884 1000 regine
902 923 1044 1003 capillos,

342 1025 500 1103 Molliaque
520 1026 647 1088 immites
667 1025 733 1087 fixit
752 1027 784 1087 in
804 1045 856 1087 ore
877 1029 998 1087 manus!

303 1129 352 1190 Ah
372 1131 506 1208 quotiens
527 1130 668 1191 famulam
687 1131 788 1208 pensis
808 1131 942 1191 oneravit
962 1129 1091 1209 iniquis,

342 1233 382 1294 lut
403 1237 491 1311 ceput
509 1235 541 1293 in
562 1234 636 1294 dure
656 1252 765 1310 ponere
781 1233 873 1312 jussit
892 1233 1000 1295 humo!
1232 1233 1268 1291 20

303 1335 399 1414 Saepe
419 1337 502 1396 illem
522 1336 680 1396 immundis
701 1354 791 1412 passe
811 1340 858 1396 est
877 1335 1013 1396 habitere
1034 1335 1183 1416 tenebris,

342 1440 441 1502 Vilem
457 1441 579 1519 jejunae
600 1459 690 1518 saepe
711 1440 833 1517 negavit
854 1457 971 1516 aquam.

302 1545 457 1623 anpiter,
477 1543 625 1621 Antiopae
645 1562 790 1621 nusquam
810 1545 955 1605 succurris
970 1543 1099 1604 xhabenti

343 1649 403 1710 'Pot
422 1649 525 1709 male?
547 1649 705 1727 corrumpit
725 1649 799 1709 dure
819 1652 924 1709 catena
943 1666 1058 1709 manus.

303 1751 336 1813 Si
357 1753 429 1814 deus
450 1771 499 1834 es,
518 1754 574 1814 tibi
594 1758 680 1831 turpe
700 1757 781 1814 tuom
801 1771 920 1813 servare
939 1753 1086 1830 puellam:
1231 1748 1267 1807 25

342 1857 462 1917 Invocet
482 1855 608 1933 Antiope
629 1874 718 1933 quem
737 1856 796 1916 nisi
816 1857 917 1916 vincta
938 1854 1066 1916 Iovem?

302 1959 373 2021 Sola
392 1963 508 2038 tamen,
529 1976 729 2036 quaecumque
750 1959 874 2020 adorent
894 1959 925 2018 in
946 1974 1065 2034 corpore
1086 1955 1180 2033 vires,

343 2060 471 2137 Regelcs
490 2060 621 2120 manicas
641 2060 721 2138 rupit
739 2064 864 2137 utreque
885 2077 983 2120 manu.

303 2164 376 2225 Inde
397 2161 715 2240 Gytheeronistimido
734 2163 811 2239 pede
832 2162 923 2223 currit
942 2162 974 2222 in
995 2179 1088 2224 arces.

341 2268 410 2328 Nox
430 2269 494 2326 eret
514 2270 544 2326 et
563 2282 665 2343 sperso
686 2265 771 2326 triste
791 2265 888 2326 cubile
909 2265 988 2342 gelu.
1233 2261 1268 2320 30

302 2371 397 2449 Saepe
417 2389 494 2448 vago
514 2369 606 2447 Asopi
627 2369 725 2431 sonitu
744 2373 878 2447 permota
898 2368 1018 2430 fluentis

342 2474 489 2536 credebat
509 2474 643 2535 dominae
664 2491 739 2552 pone
760 2474 861 2535 venire
881 2472 983 2550 pedes.

301 2579 342 2640 ut
361 2578 467 2639 (iurum
486 2577 610 2639 Zethum
631 2581 661 2638 et
680 2577 810 2639 lacrimis
829 2576 996 2654 Amphione
1015 2575 1135 2637 mollem

342 2681 474 2759 Experta
495 2686 540 2742 cst
560 2681 685 2743 stabulis
705 2684 800 2741 mater
820 2680 927 2741 abacta
946 2679 1019 2740 suis.

274 2775 283 2799 ‘
303 2783 344 2846 At
364 2820 403 2828 -
424 2785 516 2845 veluti
534 2802 656 2862 magnos
676 2802 742 2844 cum
761 2787 873 2860 ponunt
894 2800 1023 2859 aequore
1042 2785 1155 2862 motus,
1230 2777 1263 2836 35

341 2886 439 2948 Eurus
459 2886 491 2947 in
511 2887 651 2948 adversos
671 2885 781 2946 desinit
801 2885 844 2946 ire
864 2885 957 2946 Notos

302 2989 403 3052 Litore
424 2994 455 3051 et
474 2991 505 3050 in
524 2991 615 3052 tacito
634 3008 723 3051 sonus
743 2989 866 3050 rarescit
886 3007 1055 3066 erenae-

342 3097 384 3156 Ut
403 3096 483 3157 cedit
501 3096 609 3156 inflexo
629 3097 709 3156 lasse
727 3096 828 3172 puelle
847 3112 941 3175 genu,

302 3199 375 3261 Sere
394 3199 473 3260 subit
492 3199 604 3276 pistos:
625 3198 704 3260 netis
725 3202 771 3259 est
790 3198 924 3276 cognitus
946 3215 1035 3261 error.

337 3303 440 3386 Digne
460 3302 540 3363 Iovis
559 3306 644 3363 netos
664 3302 716 3378 qui
736 3305 837 3364 tueare
858 3320 966 3382 senex,
1232 3297 1266 3354 40

303 3405 352 3466 'Pu
371 3405 471 3466 reddis
491 3405 590 3482 pueris
609 3409 749 3485 matrem,
769 3404 913 3483 puerique
933 3403 1108 3466 trahendam

343 3508 509 3570 Vinxerrmt
528 3509 638 3572 Dircen
658 3511 713 3572 sub
733 3510 824 3572 trucis
845 3529 897 3570 ora
916 3509 1010 3571 bovis.

302 3608 447 3690 Antiope,
467 3629 612 3699 cognosce
629 3613 745 3674 Iovem:
766 3612 823 3674 tibi
843 3611 939 3689 glorie
957 3611 1048 3672 Dirce

342 3713 479 3794 Ducitur,
500 3714 531 3776 in
551 3715 653 3778 multis
672 3720 796 3777 mortem
816 3715 955 3776 habiture
974 3714 1057 3776 locis.
