2642 4396
715 334 775 400 176

195 527 219 563 o.
237 511 282 562 112
304 510 363 577 Losa
383 514 449 560 tuam
470 525 538 560 saroa
549 509 656 576 prolem,
679 508 772 569 Venas,-
795 511 840 562 doc
854 509 888 562 sic
903 510 930 560 ἐκ
946 527 1042 570 mos,
1060 511 1145 562 Ousia
1162 513 1191 564 ab
1207 512 1271 564 Ama

194 594 260 660 qood
272 608 391 660 superesse
407 597 485 657 caput.
502 591 582 641 Mass
600 605 686 641 nausa
702 597 727 642 et
742 609 827 643 sacae
837 593 936 658 fatalia
953 594 1045 643 lumina
1067 595 1154 646 Vestae
1170 599 1214 646 otc.

229 683 269 733 13.
304 681 520 746 conmvngstsm
527 680 744 747 interpretationem
751 687 859 746 spectare
866 681 954 749 accipio
963 699 1006 749 pro
1015 683 1272 749 admirari,susps'ceu,

194 766 231 816 nti
250 767 275 815 iu
297 766 399 815 Horatio
420 765 485 832 llpis.
508 766 535 824 Ι,
558 766 602 824 16,
619 781 643 814 v.
660 763 707 815 57:
731 765 774 815 Vir
791 765 877 826 donec,
894 766 1057 831 annosorum
1074 783 1143 831 quem
1159 771 1272 831 metatu

195 862 263 898 omne
277 849 400 906 tritum
417 847 478 898 unde
493 850 622 914 spectatos,
639 846 780 912 spectabilis.
806 849 870 898 Bane
886 848 991 914 procedit
1004 849 1092 899 oratio:
1110 849 1227 914 Quamvis
1242 850 1274 896 oe

195 931 340 981 accubuisses
361 931 387 980 in
408 928 505 980 stabulis
526 946 580 978 cum
601 931 696 994 pastore
717 929 834 995 Phrygio,
857 930 920 980 istud
936 931 1064 982 admiratae
1079 935 1136 982 sunt
1154 935 1179 982 at
1193 930 1274 980 sonitu

195 1014 304 1064 viderunt
322 1013 508 1078 Hamadryades,
525 1011 597 1061 Sileni
612 1015 656 1060 etc.

230 1106 270 1154 16.
305 1103 377 1154 Codd.
403 1103 482 1153 Nas‘ca
506 1101 577 1150 dona.
611 1099 712 1150 Volscus
737 1103 761 1150 et
785 1100 913 1151 Beroaldus
939 1105 1058 1168 exponunt
1082 1119 1155 1170 poma
1177 1107 1200 1154 et
1223 1104 1274 1152 flore

196 1202 255 1252 quae
278 1185 354 1251 legere
378 1188 458 1235 amant
480 1183 593 1247 Najades;
619 1184 658 1232 sed
684 1182 825 1247 adjectivum
847 1185 927 1235 Natos
947 1185 1052 1253 exemplo
1076 1191 1148 1236 caret.
1182 1187 1275 1252 Ungerus

196 1269 302 1319 emendat
314 1268 417 1318 Nassica.
442 1267 478 1317 lix
497 1265 601 1316 Arnobio
621 1269 714 1314 constat
727 1265 854 1316 Adrastum
874 1267 1015 1332 genitalibus
1031 1285 1045 1317 a
1062 1269 1157 1318 Baccho
1174 1269 1275 1335 privetm

196 1351 283 1401 mirum
306 1351 331 1399 in
355 1350 451 1400 modam
475 1348 611 1414 sanguinem
635 1348 755 1408 effudisse,
782 1365 852 1415 quem
878 1355 941 1400 tarra
966 1350 1033 1402 bibit.
1067 1351 1104 1402 llx
1129 1352 1176 1402 hoo
1197 1354 1275 1417 repnte

195 1433 284 1484 malum
308 1433 419 1500 punicum
444 1447 497 1482 cnm
521 1431 597 1498 pomis
612 1432 723 1480 nescitur.
750 1434 834 1492 Naue,
852 1432 959 1498 Sangarii
975 1433 1036 1498 regis
1054 1434 1091 1482 vel
1107 1434 1211 1483 fluminis
1229 1434 1274 1490 filis,

196 1516 278 1583 pulcra
290 1516 366 1582 specie
381 1515 490 1581 decepta,
507 1513 570 1563 mala
578 1514 665 1579 carpit,
682 1514 708 1563 in
716 1514 769 1564 sinn
778 1515 882 1580 reponit,
900 1519 970 1579 atque
978 1517 1006 1563 ut
1014 1531 1153 1580 praegnans.
1172 1517 1274 1580 'l'anqum
1297 1567 1298 1574 ¹

196 1598 303 1648 vitiatam
324 1597 411 1648 claudit
426 1599 500 1663 pater,
517 1598 545 1645 ut
560 1595 636 1644 inedia
651 1597 779 1654 moriatnr;
796 1598 872 1662 pomis
889 1599 912 1646 et
929 1597 980 1647 aliis
997 1597 1098 1647 bacculis
1116 1601 1274 1648 sustentatura
1297 1645 1298 1666 ἶ

196 1682 278 1730 matre.
303 1681 394 1728 Natum
415 1679 528 1728 infantem
552 1678 678 1742 Sangarius
702 1679 787 1745 exponi
808 1678 884 1742 jubet.
919 1681 1034 1745 Repertus
1056 1683 1080 1728 et
1103 1680 1183 1730 salmis
1203 1683 1273 1736 factus,
1297 1669 1298 1680 ¹

196 1762 261 1811 Attis
272 1761 325 1811 fuit.
352 1784 365 1806 ι
375 1763 422 1810 Per
435 1761 523 1820 sinum,
540 1761 616 1826 inquit
632 1761 762 1822 Arnobius,
781 1764 852 1815 Naue
863 1761 938 1812 filium
952 1761 1059 1828 concepit
1071 1777 1099 1811 ex
1113 1778 1199 1826 pomo;
1215 1760 1273 1828 pont

196 1843 307 1894 debuerat
327 1844 405 1894 vivere
427 1859 485 1909 quae
505 1846 579 1892 mater
600 1845 662 1892 lecta
684 1845 762 1894 luerat
783 1843 811 1893 de
834 1860 935 1910 pomo·
964 1843 1043 1893 Venus
1066 1844 1146 1908 legens
1163 1861 1231 1912 poma
1243 1842 1273 1892 sot

197 1929 264 1974 antro
280 1925 350 1976 Idaeo
365 1942 419 1975 cum
431 1925 545 1985 Anchise,
562 1925 666 1984 Baccho,
687 1925 771 1974 Silenis
785 1929 843 1984 etc,
858 1926 948 1975 Aeneae
961 1929 1037 1975 mater
1052 1925 1145 1988 extitit,
1163 1930 1191 1977 ut
1203 1924 1273 1976 Attidis

197 2008 279 2066 Nona,
296 2023 354 2072 quaa
370 2007 448 2072 prima
462 2005 556 2056 illorum
571 2006 620 2056 vim
636 2021 760 2071 pomorum
777 2009 872 2072 experta
887 2007 940 2056 fuit.
969 2007 1033 2057 Hinc
1050 2008 1147 2058 Nasica
1164 2009 1231 2057 dosa,
1249 2007 1273 2055 lt

197 2089 337 2153 adjectivum
358 2089 433 2148 istud,
456 2089 481 2138 ni
503 2089 583 2148 libor,
603 2088 707 2154 exemplo
725 2091 789 2138 caret
805 2105 876 2154 aeque
892 2105 919 2140 aa
936 2090 1022 2140 naec.
1049 2091 1102 2155 Qua
1118 2091 1148 2141 de
1165 2107 1229 2142 cauas
1243 2105 1273 2154 egc

196 2173 333 2238 recolligens
342 2172 472 2231 Bacchum,
490 2176 518 2222 ut
534 2173 644 2231 tradunt,
662 2171 779 2222 malonem
795 2172 940 2222 inventorem
954 2173 1038 2232 luisse,
1056 2177 1126 2238 atque
1142 2173 1274 2240 Propertium

197 2254 312 2304 Venerem
328 2253 372 2304 sub
389 2257 456 2303 antro
473 2253 543 2303 Idaeo
560 2270 574 2303 a
590 2252 675 2303 Libero
692 2271 763 2320 poma
780 2255 931 2322 excipientem
946 2254 1089 2315 describere,
1104 2259 1188 2305 eontra
1201 2259 1275 2305 sanbu-

197 2337 256 2387 tiam
280 2338 342 2387 docti
365 2338 475 2387 Germani
492 2337 591 2401 conjicio
607 2337 755 2387 scribendum
773 2355 821 2388 esse
837 2337 962 2388 Bacchica
978 2339 1051 2388 dona.
1086 2337 1190 2388 Librarii
1205 2337 1276 2403 optime

197 2419 302 2470 sciebant
318 2421 437 2470 Bacchum
453 2419 556 2486 primum
572 2419 645 2469 vitem
661 2420 759 2470 seruisse
764 2442 770 2479 ;
788 2421 817 2470 de
833 2420 901 2469 malis
911 2423 998 2493 'autem
1014 2420 1052 2469 vel
1070 2435 1109 2470 sos
1123 2419 1233 2486 fugiebat,
1247 2417 1274 2466 vel

197 2500 348 2561 dubitabant;
372 2505 543 2552 commutavere
561 2502 685 2552 Bacchica
700 2502 726 2550 in
742 2503 834 2561 Naica,
851 2503 961 2552 monrioai
979 2505 1060 2552 utrum
1076 2503 1214 2566 adjectivum
1228 2503 1276 2551 esset
1296 2561 1297 2564 Ἴ

198 2582 310 2650 probum,
324 2598 355 2632 an
368 2599 422 2632 nou.
440 2582 523 2632 Obiter
537 2582 622 2632 notabo
639 2584 752 2633 Paccium
769 2586 842 2632 Deam
864 2600 923 2648 quae
939 2584 963 2632 in
979 2589 1059 2634 monte
1077 2584 1121 2634 Ida
1139 2601 1190 2635 cnm
1204 2583 1274 2633 Paride
1296 2601 1297 2644 p

198 2665 317 2726 accubuit,
343 2667 462 2715 Oenonem
486 2664 638 2726 intellexisse,
668 2664 766 2730 indeque
783 2666 926 2730 Scaligerum
952 2666 1137 2717 concinnavisse:
1164 2666 1272 2732 sappostu
1296 2657 1297 2722 l

197 2748 329 2813 accipiam
350 2748 412 2808 nai,
433 2747 526 2798 caduca
547 2764 626 2797 masa.
660 2747 705 2796 Sed
727 2763 784 2796 num
808 2748 857 2796 Dea
882 2747 929 2796 dici
955 2748 1030 2813 poscit
1057 2749 1153 2798 Oenone
1178 2748 1274 2813 Nympha
1296 2759 1297 2812 3

199 2829 319 2896 ambigunt
340 2829 423 2880 eruditi
444 2829 504 2887 viri;
524 2823 573 2879 'nee
595 2829 774 2889 convenienter,
799 2832 826 2878 ut
847 2845 900 2880 mea
920 2830 999 2896 opinio
1016 2833 1067 2892 est,
1090 2832 1197 2882 Oenonen
1214 2827 1274 2880 veluti

197 2912 328 2981 exemplum
344 2911 534 2964 dissolutissimae
549 2912 611 2963 vitae
628 2910 774 2978 praebuisset
789 2912 938 2978 Propertius.
1296 2918 1297 2969 t

532 3169 805 3242 nuneln
849 3173 954 3242 XXV.

588 3327 732 3380 lila'ssffl
753 3331 897 3380 VERBA·

395 3455 477 3523 (codd.
494 3455 539 3518 24,
557 3455 603 3517 253
620 3457 702 3508 Burm.
720 3459 766 3519 23,
784 3459 844 3518 ΙΙῙ;
861 3457 960 3511 Lachne
977 3459 1024 3519 24,
1041 3455 1096 3520 IV.)

320 3603 410 3668 Palae
429 3611 475 3670 eat
495 3605 554 3670 iata
573 3611 657 3688 tuae,
678 3609 800 3690 mulier,
821 3609 929 3670 fidncia
949 3609 1075 3689 formae,

359 3705 437 3772 Olim
458 3709 550 3788 elegis
570 3711 692 3772 nimium
711 3712 790 3774 facta
810 3713 937 3789 superba
956 3713 1039 3773 meis.
