2624 4398
663 307 701 364 94

185 474 210 525 4.
246 476 302 526 aare
310 474 367 542 salt
383 475 456 525 Oodd.
473 491 560 527 omnes,
577 478 651 528 Poeta
662 477 729 528 illam
744 482 833 530 veum
850 479 919 539 dicit,
929 480 1039 546 adquam
1047 482 1150 530 martur
1158 496 1186 529 v.
1198 479 1238 528 ll.

137 553 198 606 mr
213 556 267 606 Lib.
283 559 334 608 Sec.
351 558 379 606 ai
394 558 487 610 wem
505 560 559 609 Cois
568 560 706 626 salpmtem
721 562 832 612 incedere
848 563 926 620 notin
944 563 1034 628 pariter
1049 579 1075 614 v.
1093 562 1135 611 15.
1153 561 1196 612 ul.
1216 563 1238 610 X

136 637 188 690 Lib.
205 639 291 690 Tertii:
309 657 357 706 qua
369 642 464 706 pridem
480 645 560 693 oraha
576 643 736 708 repastinante
752 643 876 709 Propera.

187 727 212 778 5.
246 729 320 780 Oodd.
336 731 444 782 missa.
478 733 538 786 Cum
555 733 646 797 Guyeto
662 748 749 800 repono
766 733 872 784 dimbsa

188 819 213 870 6.
245 820 301 872 Heu
317 827 444 886 quautam,
462 822 535 872 Codd.
552 839 640 874 omncs.
665 823 808 874 Schraderua
824 822 969 890 proponebat
985 838 999 874 a
1016 828 1142 889 quantana.

172 910 213 960 10.
251 910 346 970 Verior,
364 912 476 962 veracior.

173 1000 213 1050 12.
252 1001 386 1068 Voluptatis
410 1002 483 1052 Codd.
509 1017 596 1054 omnes.
636 1003 719 1072 Neque
744 1003 917 1064 emendatione,
943 1019 1016 1070 neque
1040 1002 1241 1070 interpretatione

139 1097 198 1148 opus
215 1085 258 1133 ast.

173 1173 212 1222 17.
247 1173 302 1224 Hoc
309 1175 434 1225 distichum
444 1175 516 1226 Codd.
525 1175 640 1227 collocant
649 1180 703 1243 poet
711 1193 733 1226 v.
742 1177 767 1227 4.
784 1176 1240 1242 Hinovariadoctoruminterpretum·

137 1273 182 1322 qno
198 1257 319 1309 molimina
324 1281 331 1318 ;
348 1260 388 1309 aad
404 1261 542 1326 Aethiopem
551 1259 695 1310 dealbarunt.
718 1259 1061 1326 Quodsiinpropriamsodcm
1074 1259 1202 1316 traducas,
1213 1261 1242 1305 nt

139 1343 261 1389 monuerat
274 1340 326 1403 jam
340 1341 490 1400 Fonteium,
507 1341 567 1390 nihil
582 1341 711 1392 dilucidius.
730 1342 844 1406 Cynthia,
854 1341 896 1391 ubi
910 1340 1105 1399 illadiotadedit,
1118 1340 1243 1406 prosilite

138 1421 211 1482 lecto,
227 1426 251 1472 et
273 1424 325 1473 inde
346 1423 398 1473 ibat
414 1427 536 1473 narratum
553 1425 644 1474 somnia
661 1425 754 1474 Vestae.
788 1425 885 1473 Veteres
902 1425 931 1473 ad
947 1423 1106 1489 depulsionem
1117 1423 1243 1472 malorum

140 1506 297 1565 somniorum,
323 1522 393 1570 quam
411 1505 518 1555 viderant
531 1507 631 1572 speciem
645 1503 772 1554 narrabant
786 1505 845 1554 Diis.
877 1505 954 1554 Sacris
968 1521 1059 1571 quoqne
1072 1504 1243 1554 malaaomnia

140 1587 305 1652 expiabantme
331 1588 437 1640 Tibullum
462 1588 515 1640 Lib.
538 1590 566 1648 Ι,
589 1589 626 1638 ul.
644 1588 673 1638 b:
696 1589 753 1653 Ipse
763 1588 894 1654 procuravi
909 1605 939 1638 ue
950 1593 1048 1653 persecat
1063 1604 1135 1638 ama
1153 1604 1243 1638 nocere

142 1670 251 1731 Somnia,
269 1677 306 1721 ier
321 1674 387 1722 ralia
403 1673 568 1722 domanda
584 1673 656 1722 mola.

175 1761 215 1810 19.
250 1761 322 1810 Gran.
347 1761 449 1810 Custode
470 1761 582 1811 recludor
604 1761 700 1812 amoris.
726 1763 802 1826 Ncap.
826 1760 923 1810 custode
938 1761 1043 1810 reludor.
1077 1758 1142 1809 Alias
1162 1759 1244 1809 varias

142 1844 355 1909 manuscriptorum
380 1844 490 1893 lectiones
515 1846 538 1893 ct
564 1843 698 1894 criticorum
725 1846 820 1892 conatam
837 1841 908 1891 missa
924 1842 1019 1891 faciam:
1037 1842 1160 1891 fastidiosa
1178 1843 1244 1892 enim

140 1909 205 1974 eunt.
224 1923 279 1974 Una
294 1925 389 1974 literula
406 1929 519 1984 correcta,
536 1927 665 1992 scripturae
681 1925 790 1975 mendum
807 1921 1030 1974 sanavitJuoobina:
1049 1925 1180 1982 recludor,
1199 1940 1242 1990 op·

143 2007 216 2057 tative
239 2007 335 2057 dictum.
369 2007 408 2056 Sio
424 2010 515 2068 Amor,
533 2007 573 2074 qui
589 2009 639 2076 ipse
657 2012 736 2058 custos
753 2011 789 2058 est
806 2007 935 2073 Cynthiae,
951 2005 1009 2055 mihi
1026 2004 1132 2054 recludat
1147 2005 1245 2054 clausas

143 2090 219 2149 fores,
237 2093 309 2139 uter
325 2089 367 2139 illo
384 2106 452 2140 mane
468 2093 561 2142 noctem
578 2090 671 2142 beatam
687 2089 749 2140 haud
765 2089 865 2156 amplius
880 2087 960 2138 habui.

465 2344 741 2412 urnula
790 2339 914 2408 XVIII.

566 2503 619 2552 Al)
650 2499 815 2548 annuum.

308 2697 312 2703 Ι
401 2624 484 2689 (Oodd
501 2625 650 2674 Burmannus
666 2625 689 2673 et
705 2622 882 2679 Lachmannus,
899 2617 930 2677 5,
947 2617 979 2680 Ι.)

180 2777 210 2825 In
226 2775 357 2826 Secundum
374 2774 473 2825 Librum
490 2773 613 2834 collocari,
631 2772 781 2824 suadentibus
797 2788 820 2823 v.
839 2772 885 2828 20,
903 2768 1022 2826 aeetae,
1032 2767 1071 2831 qui
1080 2765 1211 2816 ostendunt

213 2863 268 2926 post
283 2857 406 2909 discidium
422 2862 541 2908 exaratam
557 2859 627 2907 fiisse
643 2856 754 2921 elegiam,
772 2857 796 2904 et
812 2855 937 2920 postquam
954 2848 1092 2916 Propertius
1108 2847 1212 2910 infamia

213 2943 332 2992 tradmtus
348 2943 424 2992 fuerat
436 2958 481 3008 per
498 2941 681 2998 telonearium,
699 2937 765 3003 quasi
784 2935 905 3002 aequitiae
921 2937 1000 2999 caput.
1032 2931 1119 2981 Confer
1136 2930 1165 2980 al.
1183 2930 1208 2977 V

213 3025 282 3090 hujus
298 3024 361 3075 libri.

267 3186 387 3266 Invida,
408 3191 441 3248 tu
460 3186 580 3247 tandem
600 3201 687 3246 vocas
709 3197 860 3260 compesce
880 3178 1036 3256 molestas,

306 3291 347 3352 ut
366 3291 430 3352 sino
450 3308 503 3352 nos
525 3307 628 3369 cursu,
651 3306 708 3366 quo
729 3303 845 3363 sumus,
867 3284 909 3344 ire
929 3299 1026 3360 pares.

268 3393 347 3469 Quid
367 3394 422 3455 tibi
443 3395 503 3472 vis,
525 3391 652 3454 insane?
674 3408 755 3452 meos
776 3389 886 3450 sentire
907 3384 1044 3446 furores?

308 3498 433 3579 Infelix,
455 3515 594 3576 properas
614 3495 719 3556 ultima
738 3510 826 3554 nosse
846 3491 941 3570 mala,

269 3604 309 3665 Et
328 3605 418 3665 miser
438 3604 552 3680 ignotos
572 3601 700 3678 vestigia
719 3598 795 3660 forre
815 3615 869 3676 per
889 3597 993 3673 ignes,

310 3708 351 3769 ut
370 3708 472 3770 bibere
492 3725 510 3768 e
531 3710 593 3768 tota
612 3707 712 3769 toxica
731 3701 898 3764 Thessalia.
