2642 4396
689 369 749 428 208

292 542 447 618 „Tempus
468 540 567 602 adest:
588 540 737 601 committe
757 545 846 601 rates.
879 559 933 618 ego
953 543 1096 620 temporis
1116 547 1215 606 auetor

332 644 469 720 ,Ducam
487 644 636 735 laurigera
655 644 737 704 Julia
755 648 850 704 rostra
869 646 988 705 manu.”

192 755 195 764 ⁴
289 747 430 827 Dixerat,
450 752 481 809 et
499 747 656 826 pharetrae
676 749 790 828 pondus
811 749 955 811 consumit
974 750 1007 810 in
1026 769 1130 833 arous3
1222 756 1257 816 55

329 851 468 913 Proxima
487 855 554 929 post
574 871 659 913 515115
679 851 818 914 (laeseris
838 852 926 914 hasta
944 853 1009 914 init.

289 954 390 1016 Vinoit
409 956 503 1016 Roma
521 956 580 1017 fide
600 955 731 1037 Phoebi3
753 956 805 1016 dat
824 955 935 1016 femina
954 975 1082 1037 poenas3

273 1103 276 1108 .
331 1059 454 1137 Sceptra
472 1077 526 1137 per
544 1059 644 1120 Ionias
663 1060 757 1138 115555
776 1058 925 1121 vehuntur
945 1079 1048 1137 aquas.

289 1162 331 1225 At
348 1167 434 1242 pater
453 1163 547 1225 Idalio
567 1165 690 1225 miratus
710 1162 821 1224 Caesar
841 1163 880 1224 ab
900 1169 996 1226 astro:

332 1269 405 1342 ,Tu
424 1265 512 1330 deus:
534 1273 579 1330 est
598 1269 692 1330 nostri
712 1268 864 1345 sanguinis
886 1269 946 1328 ista
964 1267 1085 1330 fidest”
1224 1273 1260 1332 60

288 1369 478 1451 Prosequitur
497 1375 586 1432 cantu
605 1371 724 1450 Triton,
745 1388 904 1446 omnesque
925 1370 1057 1432 marinae

328 1473 504 1537 Plauserunt
523 1475 601 1535 eirea
619 1474 715 1534 libera
733 1474 820 1550 signa
840 1473 925 1534 deae.

289 1577 347 1638 Illa
365 1578 441 1656 petit
460 1579 562 1639 Nilum
582 1579 689 1656 cymba
708 1579 785 1638 male
805 1578 877 1639 nixa
896 1578 1013 1658 fugari,

329 1680 393 1742 Hoo
412 1699 518 1760 unum,
534 1682 619 1758 jusso
639 1699 698 1742 non
717 1679 859 1741 moritura
879 1679 938 1740 die.

288 1784 328 1844 Di
348 1785 469 1845 melius!
489 1789 616 1862 quantus
636 1785 742 1845 mulier
762 1784 837 1846 foret
856 1803 917 1845 una
936 1780 1121 1863 triumphus,
1225 1783 1260 1844 65

329 1889 442 1950 Duotns
463 1892 526 1949 erat
545 1907 597 1966 per
617 1906 690 1966 quae
711 1893 780 1950 ante
799 1872 947 1965 ¹Jugurtha
967 1889 1050 1949 viaet

288 1994 391 2056 Aetius
411 1994 480 2055 hino
499 1996 591 2055 traxit
610 1994 746 2055 Phoebus
766 1998 969 2074 monumenta,
990 1993 1068 2071 quod
1090 1993 1158 2072 ejus

330 2098 397 2159 Una
416 2098 518 2159 deoem
538 2096 611 2158 vioit
630 2097 722 2158 missa
741 2097 852 2173 sagitta
871 2101 961 2158 15555.

289 2408 375 2473 Β5115
394 2409 467 2472 55515
487 2411 597 2491 oeoini3
618 2410 761 2472 citharam
777 2411 841 2489 jam
860 2411 956 2490 poseit
976 2409 1084 2490 Apollo

330 2515 446 2596 Viator,
468 2519 498 2576 et
518 2515 557 2576 ad
576 2514 708 2592 placidos
729 2515 812 2576 exuit
830 2533 913 2575 arma
933 2513 1046 2576 ehoros.
1228 2517 1266 2576 70

290 2615 424 2678 Candida
442 2635 519 2676 1111115
539 2617 621 2677 115111
641 2618 766 2677 subeant
786 2617 921 2678 convivia
940 2616 1024 2696 lusu,

329 2718 553 2795 Blanditiasque
572 2719 665 2779 duent
683 2738 737 2798 per
756 2737 824 2780 mea
842 2721 919 2780 oolla
939 2737 1036 2798 rosae,

290 2821 427 2898 Vinaque
447 2821 605 2883 fundantur
623 2821 734 2900 praelis
755 2821 831 2882 elisa
850 2821 1002 2900 Falernis,

330 2925 449 3001 Terque
469 2925 549 2984 lavet
568 2927 683 2985 nostras
703 2925 786 3002 spioa
806 2923 915 2986 Cilissa
934 2942 1041 2986 eomas.

290 3029 445 3106 Ingenium
464 3029 542 3106 potis
562 3029 660 3088 imitat
679 3029 765 3090 Musa
784 3029 895 3106 poetis:

329 3131 461 3212 Baeohe,
483 3133 560 3194 soles
579 3132 700 3194 Phoebo
720 3131 826 3194 fertilis
847 3150 914 3194 5555
933 3136 996 3194 tuo.

290 3235 345 3297 Ille
365 3236 523 3314 paludosos
543 3241 684 3298 memoret
704 3237 815 3298 servire
836 3237 1017 3318 Sioambr0s3

330 3338 479 3417 Cepheam
499 3338 549 3402 hio
567 3341 687 3402 Mero'e'n
706 3341 847 3419 fuscaque
867 3361 960 3420 regna
978 3346 1076 3402 sanat.

292 3440 350 3502 Hie
369 3442 478 3502 referat
498 3460 563 3503 sero
584 3443 747 3504 confessum
767 3442 884 3532 foedere
904 3443 1063 3526 Parthum,

331 3545 448 3607 Reddat
467 3547 554 3624 signa
573 3548 674 3628 Remi,
694 3568 762 3609 mox
782 3549 866 3610 dabit
886 3549 950 3626 ipse
971 3568 1034 3611 5115.

293 3646 364 3708 Sive
384 3649 497 3726 aliquid
516 3648 664 3727 pharetris
684 3650 835 3728 Augustus
855 3655 956 3728 paroet
976 3651 1064 3731 Eois,
1107 3695 1108 3698 κ

333 3750 458 3814 Differat
477 3753 509 3815 in
528 3771 635 3832 pueros
655 3755 712 3817 iste
732 3759 854 3834 tropaea
874 3773 953 3818 suos.
