2640 4400
700 335 739 394 14

238 505 322 556 votum
339 503 473 556 exmditnm
494 502 641 554 exclamsndo
662 507 758 563 narrat,
784 508 808 555 et
830 505 957 570 cynthiam
978 507 1109 558 carminum
1125 507 1234 576 obsequio

238 589 338 648 victam,
355 604 403 638 non
419 603 490 648 auro,
507 586 604 637 summis
620 587 687 636 effert
698 585 813 638 laudibus.
830 589 1002 654 Argumentum
1010 590 1232 652 simile,ssdtamsn

239 671 301 722 aliud
318 675 361 722 est.
392 671 508 731 Vicimus,
537 671 669 720 notitior
684 671 765 720 mediis
781 671 807 720 in
823 671 1027 723 lamentationibus
1044 673 1131 740 prioris
1148 675 1233 742 elegiae

238 753 341 822 puellam
357 753 386 804 ab
401 754 485 804 itinere
500 752 615 803 destitisse
631 753 763 804 ostendunt.

289 867 346 928 Hic
367 867 438 928 erit!
458 867 507 926 hic
523 866 624 944 jurata
643 867 759 926 maneti
779 870 952 945 rumpantur
971 867 1084 945 iniquil

217 991 218 995 ¹
328 969 476 1030 Vicimus!
497 969 632 1030 assiduas
652 987 710 1030 non
730 969 798 1048 tulit
818 970 872 1030 illa
891 987 1003 1049 preces.
1299 1036 1303 1083 1

288 1072 380 1134 Falsa
398 1073 469 1133 licet
488 1072 612 1151 cupidus
633 1072 761 1151 deponat
780 1074 891 1150 gaudia
910 1075 1002 1137 livor:
1299 1090 1304 1154 l

328 1177 451 1238 Destitit
470 1176 513 1237 ire
533 1195 625 1238 novos
645 1175 774 1255 Cynthia
792 1183 893 1239 nostra
912 1179 987 1239 vias.
1299 1156 1304 1177 ⁵

288 1280 337 1341 Illi
357 1297 443 1340 corus
462 1297 517 1355 ego
538 1284 568 1340 et
587 1297 641 1358 per
660 1297 707 1340 me
728 1281 882 1342 carissima
901 1281 995 1342 Roma
1245 1281 1262 1338 5
1300 1272 1304 1286 “

327 1382 459 1462 Dicitur,
480 1387 511 1443 et
530 1383 594 1443 sine
614 1400 662 1442 me
682 1382 781 1444 dulcia
799 1401 892 1460 regna
912 1388 1010 1461 negat

287 1485 345 1546 Illa
364 1486 413 1546 vel
433 1490 557 1562 augusto
577 1503 692 1545 mecum
711 1487 896 1563 requiescere
916 1487 1007 1567 lecto,

327 1588 368 1648 Et
387 1605 570 1665 quocumque
590 1587 676 1649 modo
696 1588 801 1649 maluit
821 1606 886 1649 csse
906 1607 992 1668 mea,

287 1690 383 1766 Quam
403 1691 461 1751 sibi
481 1691 599 1751 dotatae
619 1709 742 1767 regnum
761 1696 847 1752 vetus
867 1690 1097 1773 Hippodamiae,

326 1794 366 1855 Ilt
386 1811 460 1870 qnos
480 1794 544 1855 Elis
565 1812 636 1872 opes
656 1798 726 1855 onte
745 1799 865 1873 pararat
885 1790 978 1873 equis.
1230 1799 1265 1858 10

287 1896 430 1972 Quamvis
449 1915 557 1974 magna
576 1898 676 1977 daret,
697 1899 833 1974 quamvis
853 1899 965 1977 majora
985 1899 1124 1980 daturus,

326 2002 394 2063 Non
414 2006 512 2062 tamen
532 2002 585 2062 illa
604 2020 684 2063 meos
705 2002 782 2079 fugit
801 2021 893 2063 avara
912 2004 1003 2064 sinus.

286 2106 371 2168 Hanc
392 2124 446 2182 ego
465 2124 524 2167 non
543 2123 629 2185 auro,
650 2124 708 2167 non
720 2105 810 2190 ‘Indis
830 2105 948 2167 flectere
968 2105 1104 2189 conchis,

328 2208 387 2270 Sed
406 2209 489 2287 potiri
508 2208 611 2269 blandi
631 2209 770 2269 carminis
790 2207 940 2285 obsequio.

288 2311 363 2373 Sunt
382 2312 473 2390 igitur
491 2312 609 2392 Musae,
629 2328 725 2388 neque
746 2311 857 2371 amanti
876 2311 978 2372 tardus
998 2309 1119 2390 Apollo:
1230 2317 1264 2376 15

327 2414 401 2491 Quis
422 2433 476 2493 ego
496 2416 588 2478 fretus
608 2434 690 2477 cmo:
711 2414 841 2494 Cynthia
859 2434 927 2475 rara
946 2433 1013 2476 mea
1032 2421 1086 2477 est
1184 2397 1192 2416 ¹

287 2521 373 2581 Nunc
392 2519 466 2580 mihi
486 2513 599 2582 summa
617 2521 689 2581 licet
707 2521 875 2596 contingere
896 2519 995 2580 sidera
1013 2519 1140 2598 plantis:

327 2622 396 2684 Sive
417 2623 481 2684 dies
502 2642 554 2685 seu
574 2642 633 2685 nox
651 2624 782 2704 venerit,
803 2625 856 2684 illa
876 2642 942 2685 mco
962 2628 1020 2705 est3

287 2727 351 2788 Nec
371 2726 444 2786 mihi
463 2727 567 2787 rivalis
587 2731 681 2788 certos
701 2725 844 2788 subducet
864 2728 992 2787 amores!

329 2830 392 2892 Ista
411 2848 508 2891 meam
527 2831 605 2893 norit
624 2831 719 2907 gloria
738 2831 886 2891 canitiem.
1125 2859 1127 2862 ·
1232 2833 1270 2894 20

202 2955 244 3006 17.
268 2956 410 3022 Conticuere
424 2956 506 3006 edera
518 2954 612 3021 plactis
629 2956 664 3004 ost
680 2969 750 3020 super
766 2954 841 3004 sidera
857 2952 1003 3004 deambulare
1012 2973 1019 3012 ς
1041 2952 1120 3003 differt
1136 2953 1168 3004 ab
1188 2956 1267 3007 Hora·
1311 2999 1312 3004 ,

168 3036 232 3088 tiano
249 3038 336 3088 Sidera
351 3037 439 3089 vertice
448 3038 541 3103 seriam
558 3041 581 3088 ot
599 3053 612 3086 a
628 3035 753 3103 proverbio
771 3037 854 3102 Diqc'to
871 3041 969 3102 tanam
985 3037 1082 3087 coelum.
1101 3036 1169 3088 Citra
1187 3054 1266 3090 noem·

168 3121 260 3173 ritatem
277 3121 388 3172 Heinsius
405 3121 552 3172 emendabat:
571 3121 707 3186 continuere
718 3120 816 3187 palmis.
919 3180 923 3187 ¹

480 3262 797 3330 ..nucula
846 3262 905 3330 IX.

590 3394 642 3443 sn
669 3393 836 3442 assensi.

454 3493 536 3559 (coca
554 3494 681 3544 amm.
699 3494 723 3541 c
739 3489 882 3540 numm.
899 3487 929 3548 4,
947 3488 979 3549 Ι.)

287 3603 368 3682 Quid
386 3605 461 3666 mihi
481 3610 541 3667 tam
560 3607 668 3667 multas
688 3604 851 3683 laudando,
872 3601 980 3684 Basse,
1000 3601 1115 3680 puellas

326 3710 471 3774 Mutatum
491 3711 610 3774 domins
628 3709 709 3788 cogis
729 3709 812 3772 obire
832 3705 922 3768 mea?
