<?xml version="1.0" encoding="UTF-8"?>
<!DOCTYPE html PUBLIC "-//W3C//DTD XHTML 1.0 Transitional//EN"
    "http://www.w3.org/TR/xhtml1/DTD/xhtml1-transitional.dtd">
<html xmlns="http://www.w3.org/1999/xhtml" xml:lang="en" lang="en">
 <head>
  <title>
</title>
<meta http-equiv="Content-Type" content="text/html;charset=utf-8" />
  <meta name='ocr-system' content='tesseract 3.04.00' />
  <meta name='ocr-capabilities' content='ocr_page ocr_carea ocr_par ocr_line ocrx_word'/>
</head>
<body>
  <div class='ocr_page' id='page_1' title='image "./cynthiacumlibro00carugoog_0054.png"; bbox 0 0 2640 4400; ppageno 0'>
   <div class='ocr_carea' id='block_1_1' title="bbox 1029 378 1125 424">
    <p class='ocr_par' dir='ltr' id='par_1_1' title="bbox 1029 378 1125 424">
     <span class='ocr_line' id='line_1_1' title="bbox 1029 378 1125 424; baseline 0 0"><span class='ocrx_word' id='word_1_1' title='bbox 1029 378 1125 424; x_wconf 63' lang='lat' dir='ltr'><strong>{Iam</strong></span> 
     </span>
    </p>
   </div>
   <div class='ocr_carea' id='block_1_2' title="bbox 7 537 1126 3504">
    <p class='ocr_par' dir='ltr' id='par_1_2' title="bbox 36 537 1126 1132">
     <span class='ocr_line' id='line_1_2' title="bbox 72 537 1126 620; baseline -0.006 -16"><span class='ocrx_word' id='word_1_2' title='bbox 72 543 151 604; x_wconf 80' lang='lat' dir='ltr'><strong>Hinc</strong></span> <span class='ocrx_word' id='word_1_3' title='bbox 172 547 352 620; x_wconf 86' lang='lat' dir='ltr'><strong>sequeretur,</strong></span> <span class='ocrx_word' id='word_1_4' title='bbox 378 540 476 602; x_wconf 90' lang='lat' dir='ltr'><strong>omnia</strong></span> <span class='ocrx_word' id='word_1_5' title='bbox 496 555 573 616; x_wconf 86' lang='lat' dir='ltr'><strong>quae</strong></span> <span class='ocrx_word' id='word_1_6' title='bbox 594 539 644 599; x_wconf 91' lang='lat' dir='ltr'><strong>ille</strong></span> <span class='ocrx_word' id='word_1_7' title='bbox 665 537 838 616; x_wconf 76' lang='lat' dir='ltr'><strong>scripserat,</strong></span> <span class='ocrx_word' id='word_1_8' title='bbox 858 537 997 614; x_wconf 87' lang='lat' dir='ltr'><strong>temporis</strong></span> <span class='ocrx_word' id='word_1_9' title='bbox 1017 537 1126 615; x_wconf 85' lang='lat' dir='ltr'><strong>injuria</strong></span> 
     </span>
     <span class='ocr_line' id='line_1_3' title="bbox 37 641 1125 722; baseline -0.004 -18"><span class='ocrx_word' id='word_1_10' title='bbox 37 646 228 708; x_wconf 70' lang='lat' dir='ltr'><strong>intercidisse.</strong></span> <span class='ocrx_word' id='word_1_11' title='bbox 268 645 316 707; x_wconf 81' lang='lat' dir='ltr'><strong>Ex</strong></span> <span class='ocrx_word' id='word_1_12' title='bbox 347 643 447 722; x_wconf 62' lang='lat' dir='ltr'><strong>Ooidii</strong></span> <span class='ocrx_word' id='word_1_13' title='bbox 480 644 647 704; x_wconf 86' lang='lat' dir='ltr'><strong>testimonio</strong></span> <span class='ocrx_word' id='word_1_14' title='bbox 677 647 761 720; x_wconf 90' lang='lat' dir='ltr'><strong>patet</strong></span> <span class='ocrx_word' id='word_1_15' title='bbox 791 645 851 702; x_wconf 90' lang='lat' dir='ltr'><strong>tres</strong></span> <span class='ocrx_word' id='word_1_16' title='bbox 877 641 968 702; x_wconf 89' lang='lat' dir='ltr'><strong>libros</strong></span> <span class='ocrx_word' id='word_1_17' title='bbox 995 641 1125 718; x_wconf 87' lang='lat' dir='ltr'><strong>poeticos</strong></span> 
     </span>
     <span class='ocr_line' id='line_1_4' title="bbox 37 743 1124 827; baseline -0.006 -16"><span class='ocrx_word' id='word_1_18' title='bbox 37 749 213 810; x_wconf 65' lang='lat' dir='ltr'><strong>commisse:</strong></span> <span class='ocrx_word' id='word_1_19' title='bbox 247 746 411 827; x_wconf 77' lang='lat' dir='ltr'><strong>Epistolaa,</strong></span> <span class='ocrx_word' id='word_1_20' title='bbox 441 745 526 826; x_wconf 77' lang='lat' dir='ltr'><strong>Dies,</strong></span> <span class='ocrx_word' id='word_1_21' title='bbox 558 745 710 807; x_wconf 78' lang='lat' dir='ltr'><strong><em>Troezena.</em></strong></span> <span class='ocrx_word' id='word_1_22' title='bbox 752 745 812 806; x_wconf 82' lang='lat' dir='ltr'><strong>Sex</strong></span> <span class='ocrx_word' id='word_1_23' title='bbox 837 764 857 804; x_wconf 89' lang='lat' dir='ltr'><strong>a</strong></span> <span class='ocrx_word' id='word_1_24' title='bbox 881 745 1000 806; x_wconf 80' lang='lat' dir='ltr'><strong>Nasone</strong></span> <span class='ocrx_word' id='word_1_25' title='bbox 1021 743 1124 805; x_wconf 77' lang='lat' dir='ltr'><strong>Sabini</strong></span> 
     </span>
     <span class='ocr_line' id='line_1_5' title="bbox 37 841 1123 930; baseline -0.004 -18"><span class='ocrx_word' id='word_1_26' title='bbox 37 853 409 930; x_wconf 78' lang='lat' dir='ltr'><strong>epistolaeenumerantur3</strong></span> <span class='ocrx_word' id='word_1_27' title='bbox 430 849 636 912; x_wconf 86' lang='lat' dir='ltr'><strong>verosimiliter</strong></span> <span class='ocrx_word' id='word_1_28' title='bbox 647 848 771 924; x_wconf 82' lang='lat' dir='ltr'><strong>singulis</strong></span> <span class='ocrx_word' id='word_1_29' title='bbox 782 846 936 909; x_wconf 88' lang='lat' dir='ltr'><strong>Ovidiauis</strong></span> <span class='ocrx_word' id='word_1_30' title='bbox 946 841 1123 909; x_wconf 84' lang='lat' dir='ltr'><strong>Heroidihus</strong></span> 
     </span>
     <span class='ocr_line' id='line_1_6' title="bbox 36 951 1122 1034; baseline -0.003 -19"><span class='ocrx_word' id='word_1_31' title='bbox 36 955 194 1034; x_wconf 80' lang='lat' dir='ltr'><strong>respondit.</strong></span> <span class='ocrx_word' id='word_1_32' title='bbox 233 954 280 1014; x_wconf 91' lang='lat' dir='ltr'><strong>De</strong></span> <span class='ocrx_word' id='word_1_33' title='bbox 298 957 432 1031; x_wconf 77' lang='lat' dir='ltr'><strong>poemate</strong></span> <span class='ocrx_word' id='word_1_34' title='bbox 453 951 574 1013; x_wconf 79' lang='lat' dir='ltr'><strong>hierem</strong></span> <span class='ocrx_word' id='word_1_35' title='bbox 593 951 666 1012; x_wconf 88' lang='lat' dir='ltr'><strong>satis</strong></span> <span class='ocrx_word' id='word_1_36' title='bbox 687 951 797 1012; x_wconf 90' lang='lat' dir='ltr'><strong>dictum</strong></span> <span class='ocrx_word' id='word_1_37' title='bbox 822 955 886 1032; x_wconf 82' lang='lat' dir='ltr'><strong>est3</strong></span> <span class='ocrx_word' id='word_1_38' title='bbox 912 951 950 1012; x_wconf 90' lang='lat' dir='ltr'><strong>de</strong></span> <span class='ocrx_word' id='word_1_39' title='bbox 971 951 1122 1013; x_wconf 76' lang='lat' dir='ltr'><strong>Troezene</strong></span> 
     </span>
     <span class='ocr_line' id='line_1_7' title="bbox 36 1055 456 1132; baseline -0.007 -14"><span class='ocrx_word' id='word_1_40' title='bbox 36 1059 110 1118; x_wconf 86' lang='lat' dir='ltr'><strong>inter</strong></span> <span class='ocrx_word' id='word_1_41' title='bbox 130 1056 261 1118; x_wconf 88' lang='lat' dir='ltr'><strong>eruditos</strong></span> <span class='ocrx_word' id='word_1_42' title='bbox 280 1055 456 1132; x_wconf 89' lang='lat' dir='ltr'><strong>disputatur.</strong></span> 
     </span>
    </p>

    <p class='ocr_par' dir='ltr' id='par_1_3' title="bbox 37 1153 1125 1946">
     <span class='ocr_line' id='line_1_8' title="bbox 73 1153 1124 1237; baseline -0.002 -17"><span class='ocrx_word' id='word_1_43' title='bbox 73 1153 372 1220; x_wconf 66' lang='lat' dir='ltr'><strong>concordasse</strong></span> <span class='ocrx_word' id='word_1_44' title='bbox 393 1173 510 1217; x_wconf 86' lang='lat' dir='ltr'><strong>versum</strong></span> <span class='ocrx_word' id='word_1_45' title='bbox 534 1154 710 1218; x_wconf 84' lang='lat' dir='ltr'><strong>ovidianum</strong></span> <span class='ocrx_word' id='word_1_46' title='bbox 739 1156 849 1237; x_wconf 79' lang='lat' dir='ltr'><strong>Quique</strong></span> <span class='ocrx_word' id='word_1_47' title='bbox 874 1163 954 1219; x_wconf 79' lang='lat' dir='ltr'><strong>tuom</strong></span> <span class='ocrx_word' id='word_1_48' title='bbox 981 1156 1124 1219; x_wconf 77' lang='lat' dir='ltr'><strong>Troezena</strong></span> 
     </span>
     <span class='ocr_line' id='line_1_9' title="bbox 37 1257 1123 1340; baseline 0.002 -20"><span class='ocrx_word' id='word_1_49' title='bbox 37 1262 123 1320; x_wconf 89' lang='lat' dir='ltr'><strong>miras</strong></span> <span class='ocrx_word' id='word_1_50' title='bbox 150 1260 225 1321; x_wconf 87' lang='lat' dir='ltr'><strong>dant</strong></span> <span class='ocrx_word' id='word_1_51' title='bbox 252 1258 409 1321; x_wconf 90' lang='lat' dir='ltr'><strong>lectionum</strong></span> <span class='ocrx_word' id='word_1_52' title='bbox 431 1259 608 1319; x_wconf 85' lang='lat' dir='ltr'><strong>varietates:</strong></span> <span class='ocrx_word' id='word_1_53' title='bbox 639 1257 780 1338; x_wconf 74' lang='lat' dir='ltr'><strong>Troezen,</strong></span> <span class='ocrx_word' id='word_1_54' title='bbox 804 1259 936 1339; x_wconf 74' lang='lat' dir='ltr'><strong>Tritone,</strong></span> <span class='ocrx_word' id='word_1_55' title='bbox 960 1259 1123 1340; x_wconf 78' lang='lat' dir='ltr'><strong>Orosimca,</strong></span> 
     </span>
     <span class='ocr_line' id='line_1_10' title="bbox 40 1361 1125 1443; baseline 0.002 -21"><span class='ocrx_word' id='word_1_56' title='bbox 40 1363 167 1443; x_wconf 67' lang='lat' dir='ltr'><strong>Tritum,</strong></span> <span class='ocrx_word' id='word_1_57' title='bbox 189 1363 333 1441; x_wconf 81' lang='lat' dir='ltr'><strong>Timecea,</strong></span> <span class='ocrx_word' id='word_1_58' title='bbox 355 1362 475 1441; x_wconf 80' lang='lat' dir='ltr'><strong>Troica,</strong></span> <span class='ocrx_word' id='word_1_59' title='bbox 498 1361 653 1441; x_wconf 82' lang='lat' dir='ltr'><strong>Troadem,</strong></span> <span class='ocrx_word' id='word_1_60' title='bbox 668 1362 809 1424; x_wconf 81' lang='lat' dir='ltr'><strong>Troidom.</strong></span> <span class='ocrx_word' id='word_1_61' title='bbox 839 1363 981 1424; x_wconf 85' lang='lat' dir='ltr'><strong>Nonnulli</strong></span> <span class='ocrx_word' id='word_1_62' title='bbox 991 1364 1125 1425; x_wconf 88' lang='lat' dir='ltr'><strong>arbitrati</strong></span> 
     </span>
     <span class='ocr_line' id='line_1_11' title="bbox 38 1464 1125 1544; baseline 0.002 -18"><span class='ocrx_word' id='word_1_63' title='bbox 38 1472 101 1527; x_wconf 89' lang='lat' dir='ltr'><strong>sunt</strong></span> <span class='ocrx_word' id='word_1_64' title='bbox 127 1466 271 1529; x_wconf 82' lang='lat' dir='ltr'><strong>Sabinum</strong></span> <span class='ocrx_word' id='word_1_65' title='bbox 297 1464 353 1526; x_wconf 92' lang='lat' dir='ltr'><strong>hoc</strong></span> <span class='ocrx_word' id='word_1_66' title='bbox 380 1467 412 1526; x_wconf 90' lang='lat' dir='ltr'><strong>in</strong></span> <span class='ocrx_word' id='word_1_67' title='bbox 439 1466 515 1526; x_wconf 89' lang='lat' dir='ltr'><strong>libro</strong></span> <span class='ocrx_word' id='word_1_68' title='bbox 543 1466 683 1527; x_wconf 78' lang='lat' dir='ltr'><strong>cecinisse</strong></span> <span class='ocrx_word' id='word_1_69' title='bbox 710 1485 758 1527; x_wconf 92' lang='lat' dir='ltr'><strong>res</strong></span> <span class='ocrx_word' id='word_1_70' title='bbox 783 1485 802 1526; x_wconf 92' lang='lat' dir='ltr'><strong>a</strong></span> <span class='ocrx_word' id='word_1_71' title='bbox 829 1465 946 1528; x_wconf 78' lang='lat' dir='ltr'><strong>Theseo</strong></span> <span class='ocrx_word' id='word_1_72' title='bbox 966 1471 1065 1544; x_wconf 84' lang='lat' dir='ltr'><strong>gestas</strong></span> <span class='ocrx_word' id='word_1_73' title='bbox 1086 1465 1125 1528; x_wconf 83' lang='lat' dir='ltr'><strong>ad</strong></span> 
     </span>
     <span class='ocr_line' id='line_1_12' title="bbox 38 1569 1123 1650; baseline 0 -21"><span class='ocrx_word' id='word_1_74' title='bbox 38 1570 205 1650; x_wconf 82' lang='lat' dir='ltr'><strong>Troezena,</strong></span> <span class='ocrx_word' id='word_1_75' title='bbox 233 1569 408 1647; x_wconf 89' lang='lat' dir='ltr'><strong>Peloponesi</strong></span> <span class='ocrx_word' id='word_1_76' title='bbox 428 1570 545 1648; x_wconf 86' lang='lat' dir='ltr'><strong>urbem,</strong></span> <span class='ocrx_word' id='word_1_77' title='bbox 566 1569 618 1630; x_wconf 93' lang='lat' dir='ltr'><strong>ubi</strong></span> <span class='ocrx_word' id='word_1_78' title='bbox 639 1569 774 1631; x_wconf 81' lang='lat' dir='ltr'><strong>Pittheus</strong></span> <span class='ocrx_word' id='word_1_79' title='bbox 795 1589 868 1631; x_wconf 90' lang='lat' dir='ltr'><strong>avus</strong></span> <span class='ocrx_word' id='word_1_80' title='bbox 888 1571 1039 1650; x_wconf 80' lang='lat' dir='ltr'><strong>regnavit;</strong></span> <span class='ocrx_word' id='word_1_81' title='bbox 1059 1570 1123 1647; x_wconf 91' lang='lat' dir='ltr'><strong>plu·</strong></span> 
     </span>
     <span class='ocr_line' id='line_1_13' title="bbox 38 1671 1124 1750; baseline 0.003 -18"><span class='ocrx_word' id='word_1_82' title='bbox 38 1674 102 1732; x_wconf 92' lang='lat' dir='ltr'><strong>rimi</strong></span> <span class='ocrx_word' id='word_1_83' title='bbox 117 1677 216 1734; x_wconf 87' lang='lat' dir='ltr'><strong>antem</strong></span> <span class='ocrx_word' id='word_1_84' title='bbox 233 1676 354 1733; x_wconf 89' lang='lat' dir='ltr'><strong>censent</strong></span> <span class='ocrx_word' id='word_1_85' title='bbox 370 1673 524 1734; x_wconf 80' lang='lat' dir='ltr'><strong>rProcnena</strong></span> <span class='ocrx_word' id='word_1_86' title='bbox 541 1671 617 1732; x_wconf 90' lang='lat' dir='ltr'><strong>nihil</strong></span> <span class='ocrx_word' id='word_1_87' title='bbox 631 1673 713 1734; x_wconf 88' lang='lat' dir='ltr'><strong>aliud</strong></span> <span class='ocrx_word' id='word_1_88' title='bbox 724 1691 789 1735; x_wconf 91' lang='lat' dir='ltr'><strong>esse</strong></span> <span class='ocrx_word' id='word_1_89' title='bbox 800 1691 888 1750; x_wconf 90' lang='lat' dir='ltr'><strong>quam</strong></span> <span class='ocrx_word' id='word_1_90' title='bbox 898 1672 997 1734; x_wconf 87' lang='lat' dir='ltr'><strong>fiotum</strong></span> <span class='ocrx_word' id='word_1_91' title='bbox 1007 1673 1124 1750; x_wconf 88' lang='lat' dir='ltr'><strong>puellae</strong></span> 
     </span>
     <span class='ocr_line' id='line_1_14' title="bbox 38 1775 1124 1854; baseline 0.001 -18"><span class='ocrx_word' id='word_1_92' title='bbox 38 1795 139 1838; x_wconf 92' lang='lat' dir='ltr'><strong>nomen</strong></span> <span class='ocrx_word' id='word_1_93' title='bbox 164 1795 184 1837; x_wconf 92' lang='lat' dir='ltr'><strong>a</strong></span> <span class='ocrx_word' id='word_1_94' title='bbox 210 1779 298 1853; x_wconf 88' lang='lat' dir='ltr'><strong>poeta</strong></span> <span class='ocrx_word' id='word_1_95' title='bbox 324 1776 506 1854; x_wconf 74' lang='lat' dir='ltr'><strong>celebratae,</strong></span> <span class='ocrx_word' id='word_1_96' title='bbox 533 1775 612 1852; x_wconf 90' lang='lat' dir='ltr'><strong>quod</strong></span> <span class='ocrx_word' id='word_1_97' title='bbox 634 1793 705 1836; x_wconf 87' lang='lat' dir='ltr'><strong>sane</strong></span> <span class='ocrx_word' id='word_1_98' title='bbox 726 1775 826 1838; x_wconf 86' lang='lat' dir='ltr'><strong>Ovidii</strong></span> <span class='ocrx_word' id='word_1_99' title='bbox 846 1776 938 1836; x_wconf 86' lang='lat' dir='ltr'><strong>verba</strong></span> <span class='ocrx_word' id='word_1_100' title='bbox 957 1775 1124 1853; x_wconf 85' lang='lat' dir='ltr'><strong>significare</strong></span> 
     </span>
     <span class='ocr_line' id='line_1_15' title="bbox 38 1879 913 1946; baseline 0.01 -9"><span class='ocrx_word' id='word_1_101' title='bbox 38 1879 180 1938; x_wconf 81' lang='lat' dir='ltr'><strong>videntur.</strong></span> <span class='ocrx_word' id='word_1_102' title='bbox 910 1939 913 1946; x_wconf 94' lang='lat'><strong>.</strong></span> 
     </span>
    </p>

    <p class='ocr_par' dir='ltr' id='par_1_4' title="bbox 42 1979 1125 2782">
     <span class='ocr_line' id='line_1_16' title="bbox 78 1979 1124 2060; baseline 0.002 -20"><span class='ocrx_word' id='word_1_103' title='bbox 78 1981 117 2042; x_wconf 79' lang='lat' dir='ltr'><strong>At</strong></span> <span class='ocrx_word' id='word_1_104' title='bbox 142 1982 169 2044; x_wconf 91' lang='lat' dir='ltr'><strong>si</strong></span> <span class='ocrx_word' id='word_1_105' title='bbox 197 1999 269 2042; x_wconf 86' lang='lat' dir='ltr'><strong>vera</strong></span> <span class='ocrx_word' id='word_1_106' title='bbox 292 1985 362 2041; x_wconf 90' lang='lat' dir='ltr'><strong>sunt</strong></span> <span class='ocrx_word' id='word_1_107' title='bbox 386 1997 462 2058; x_wconf 85' lang='lat' dir='ltr'><strong>quac</strong></span> <span class='ocrx_word' id='word_1_108' title='bbox 488 1980 574 2042; x_wconf 93' lang='lat' dir='ltr'><strong>modo</strong></span> <span class='ocrx_word' id='word_1_109' title='bbox 595 1979 690 2042; x_wconf 89' lang='lat' dir='ltr'><strong>obiter</strong></span> <span class='ocrx_word' id='word_1_110' title='bbox 708 1979 873 2060; x_wconf 87' lang='lat' dir='ltr'><strong>disputavi,</strong></span> <span class='ocrx_word' id='word_1_111' title='bbox 901 2000 958 2042; x_wconf 93' lang='lat' dir='ltr'><strong>non</strong></span> <span class='ocrx_word' id='word_1_112' title='bbox 983 1982 1025 2042; x_wconf 87' lang='lat' dir='ltr'><strong>ita</strong></span> <span class='ocrx_word' id='word_1_113' title='bbox 1046 1982 1124 2042; x_wconf 91' lang='lat' dir='ltr'><strong>enim</strong></span> 
     </span>
     <span class='ocr_line' id='line_1_17' title="bbox 42 2082 1125 2163; baseline 0.002 -19"><span class='ocrx_word' id='word_1_114' title='bbox 42 2085 79 2144; x_wconf 92' lang='lat' dir='ltr'><strong>ad</strong></span> <span class='ocrx_word' id='word_1_115' title='bbox 102 2085 268 2146; x_wconf 90' lang='lat' dir='ltr'><strong>institutum</strong></span> <span class='ocrx_word' id='word_1_116' title='bbox 294 2088 423 2145; x_wconf 88' lang='lat' dir='ltr'><strong>nostrum</strong></span> <span class='ocrx_word' id='word_1_117' title='bbox 450 2082 575 2162; x_wconf 87' lang='lat' dir='ltr'><strong>iaciunt,</strong></span> <span class='ocrx_word' id='word_1_118' title='bbox 603 2084 692 2145; x_wconf 90' lang='lat' dir='ltr'><strong>trium</strong></span> <span class='ocrx_word' id='word_1_119' title='bbox 719 2084 820 2146; x_wconf 82' lang='lat' dir='ltr'><strong>Sabini</strong></span> <span class='ocrx_word' id='word_1_120' title='bbox 841 2103 959 2163; x_wconf 88' lang='lat' dir='ltr'><strong>operum</strong></span> <span class='ocrx_word' id='word_1_121' title='bbox 980 2085 1125 2162; x_wconf 87' lang='lat' dir='ltr'><strong>quaedam</strong></span> 
     </span>
     <span class='ocr_line' id='line_1_18' title="bbox 42 2187 1125 2267; baseline 0.003 -20"><span class='ocrx_word' id='word_1_122' title='bbox 42 2187 182 2267; x_wconf 85' lang='lat' dir='ltr'><strong>hodieque</strong></span> <span class='ocrx_word' id='word_1_123' title='bbox 208 2192 380 2265; x_wconf 87' lang='lat' dir='ltr'><strong>supersunt:</strong></span> <span class='ocrx_word' id='word_1_124' title='bbox 408 2205 462 2248; x_wconf 86' lang='lat' dir='ltr'><strong>sex</strong></span> <span class='ocrx_word' id='word_1_125' title='bbox 487 2187 651 2263; x_wconf 79' lang='lat' dir='ltr'><strong>fragmenta</strong></span> <span class='ocrx_word' id='word_1_126' title='bbox 679 2187 798 2248; x_wconf 75' lang='lat' dir='ltr'><strong>literam</strong></span> <span class='ocrx_word' id='word_1_127' title='bbox 826 2189 941 2266; x_wconf 92' lang='lat' dir='ltr'><strong>duoque</strong></span> <span class='ocrx_word' id='word_1_128' title='bbox 965 2189 1125 2250; x_wconf 83' lang='lat' dir='ltr'><strong>Troeacaoo</strong></span> 
     </span>
     <span class='ocr_line' id='line_1_19' title="bbox 44 2289 1123 2370; baseline 0.004 -20"><span class='ocrx_word' id='word_1_129' title='bbox 44 2292 130 2370; x_wconf 84' lang='lat' dir='ltr'><strong>elegi,</strong></span> <span class='ocrx_word' id='word_1_130' title='bbox 156 2292 329 2368; x_wconf 85' lang='lat' dir='ltr'><strong>Astrologus</strong></span> <span class='ocrx_word' id='word_1_131' title='bbox 355 2295 384 2351; x_wconf 88' lang='lat' dir='ltr'><strong>ei</strong></span> <span class='ocrx_word' id='word_1_132' title='bbox 404 2289 561 2352; x_wconf 84' lang='lat' dir='ltr'><strong>Arethusa.</strong></span> <span class='ocrx_word' id='word_1_133' title='bbox 592 2291 641 2350; x_wconf 80' lang='lat' dir='ltr'><strong>Ad</strong></span> <span class='ocrx_word' id='word_1_134' title='bbox 662 2292 786 2352; x_wconf 89' lang='lat' dir='ltr'><strong>eundem</strong></span> <span class='ocrx_word' id='word_1_135' title='bbox 803 2292 926 2354; x_wconf 85' lang='lat' dir='ltr'><strong>fortasse</strong></span> <span class='ocrx_word' id='word_1_136' title='bbox 944 2298 1028 2354; x_wconf 88' lang='lat' dir='ltr'><strong>erunt</strong></span> <span class='ocrx_word' id='word_1_137' title='bbox 1045 2292 1123 2354; x_wconf 88' lang='lat' dir='ltr'><strong>defe-</strong></span> 
     </span>
     <span class='ocr_line' id='line_1_20' title="bbox 44 2394 1125 2473; baseline 0.002 -19"><span class='ocrx_word' id='word_1_138' title='bbox 44 2397 145 2456; x_wconf 83' lang='lat' dir='ltr'><strong>rendae</strong></span> <span class='ocrx_word' id='word_1_139' title='bbox 161 2401 223 2456; x_wconf 89' lang='lat' dir='ltr'><strong>tres</strong></span> <span class='ocrx_word' id='word_1_140' title='bbox 240 2394 440 2472; x_wconf 85' lang='lat' dir='ltr'><strong>responsoriae</strong></span> <span class='ocrx_word' id='word_1_141' title='bbox 459 2394 601 2470; x_wconf 89' lang='lat' dir='ltr'><strong>epistolae</strong></span> <span class='ocrx_word' id='word_1_142' title='bbox 616 2394 747 2454; x_wconf 88' lang='lat' dir='ltr'><strong>Helenae</strong></span> <span class='ocrx_word' id='word_1_143' title='bbox 765 2395 881 2473; x_wconf 90' lang='lat' dir='ltr'><strong>Paridi,</strong></span> <span class='ocrx_word' id='word_1_144' title='bbox 903 2395 979 2456; x_wconf 84' lang='lat' dir='ltr'><strong>Erus</strong></span> <span class='ocrx_word' id='word_1_145' title='bbox 990 2396 1125 2456; x_wconf 87' lang='lat' dir='ltr'><strong>Leandro</strong></span> 
     </span>
     <span class='ocr_line' id='line_1_21' title="bbox 45 2495 1125 2577; baseline 0.004 -20"><span class='ocrx_word' id='word_1_146' title='bbox 45 2502 72 2558; x_wconf 93' lang='lat' dir='ltr'><strong>et</strong></span> <span class='ocrx_word' id='word_1_147' title='bbox 89 2497 240 2577; x_wconf 82' lang='lat' dir='ltr'><strong>Oidyppae</strong></span> <span class='ocrx_word' id='word_1_148' title='bbox 262 2498 402 2576; x_wconf 83' lang='lat' dir='ltr'><strong>Acontio,</strong></span> <span class='ocrx_word' id='word_1_149' title='bbox 423 2515 498 2576; x_wconf 90' lang='lat' dir='ltr'><strong>quae</strong></span> <span class='ocrx_word' id='word_1_150' title='bbox 516 2497 592 2557; x_wconf 89' lang='lat' dir='ltr'><strong>inter</strong></span> <span class='ocrx_word' id='word_1_151' title='bbox 606 2495 766 2558; x_wconf 89' lang='lat' dir='ltr'><strong>Ovidianas</strong></span> <span class='ocrx_word' id='word_1_152' title='bbox 781 2503 976 2559; x_wconf 88' lang='lat' dir='ltr'><strong>recensentur.</strong></span> <span class='ocrx_word' id='word_1_153' title='bbox 998 2499 1125 2562; x_wconf 82' lang='lat' dir='ltr'><strong>Sabinus</strong></span> 
     </span>
     <span class='ocr_line' id='line_1_22' title="bbox 46 2600 1125 2682; baseline 0.004 -22"><span class='ocrx_word' id='word_1_154' title='bbox 46 2602 233 2680; x_wconf 87' lang='lat' dir='ltr'><strong>respondendi</strong></span> <span class='ocrx_word' id='word_1_155' title='bbox 264 2619 369 2663; x_wconf 89' lang='lat' dir='ltr'><strong>munus</strong></span> <span class='ocrx_word' id='word_1_156' title='bbox 400 2605 586 2679; x_wconf 69' lang='lat' dir='ltr'><strong>susceperat,</strong></span> <span class='ocrx_word' id='word_1_157' title='bbox 617 2600 694 2676; x_wconf 92' lang='lat' dir='ltr'><strong>quod</strong></span> <span class='ocrx_word' id='word_1_158' title='bbox 721 2601 747 2661; x_wconf 92' lang='lat' dir='ltr'><strong>si</strong></span> <span class='ocrx_word' id='word_1_159' title='bbox 778 2601 917 2676; x_wconf 86' lang='lat' dir='ltr'><strong>magistro</strong></span> <span class='ocrx_word' id='word_1_160' title='bbox 945 2601 1125 2682; x_wconf 77' lang='lat' dir='ltr'><strong>placuisset,</strong></span> 
     </span>
     <span class='ocr_line' id='line_1_23' title="bbox 48 2699 1125 2782; baseline 0 -19"><span class='ocrx_word' id='word_1_161' title='bbox 48 2705 155 2766; x_wconf 90' lang='lat' dir='ltr'><strong>mobilis</strong></span> <span class='ocrx_word' id='word_1_162' title='bbox 182 2705 264 2764; x_wconf 92' lang='lat' dir='ltr'><strong>illius</strong></span> <span class='ocrx_word' id='word_1_163' title='bbox 290 2701 464 2780; x_wconf 84' lang='lat' dir='ltr'><strong>phantasia,</strong></span> <span class='ocrx_word' id='word_1_164' title='bbox 489 2699 585 2761; x_wconf 85' lang='lat' dir='ltr'><strong>facilis</strong></span> <span class='ocrx_word' id='word_1_165' title='bbox 609 2701 754 2777; x_wconf 88' lang='lat' dir='ltr'><strong>beataque</strong></span> <span class='ocrx_word' id='word_1_166' title='bbox 785 2701 901 2762; x_wconf 86' lang='lat' dir='ltr'><strong>dicendi</strong></span> <span class='ocrx_word' id='word_1_167' title='bbox 928 2707 958 2763; x_wconf 90' lang='lat' dir='ltr'><strong>et</strong></span> <span class='ocrx_word' id='word_1_168' title='bbox 984 2704 1125 2782; x_wconf 84' lang='lat' dir='ltr'><strong>pingendi</strong></span> 
     </span>
    </p>

    <p class='ocr_par' dir='ltr' id='par_1_5' title="bbox 7 2802 1125 2884">
     <span class='ocr_line' id='line_1_24' title="bbox 7 2802 1125 2884; baseline 0.002 -20"><span class='ocrx_word' id='word_1_169' title='bbox 7 2815 8 2864; x_wconf 78' lang='grc' dir='ltr'><em>ἲ</em></span> <span class='ocrx_word' id='word_1_170' title='bbox 48 2807 122 2883; x_wconf 87' lang='lat' dir='ltr'><strong>copia</strong></span> <span class='ocrx_word' id='word_1_171' title='bbox 140 2823 242 2883; x_wconf 91' lang='lat' dir='ltr'><strong>presse</strong></span> <span class='ocrx_word' id='word_1_172' title='bbox 265 2803 400 2880; x_wconf 81' lang='lat' dir='ltr'><strong>vestigiis</strong></span> <span class='ocrx_word' id='word_1_173' title='bbox 423 2803 577 2864; x_wconf 87' lang='lat' dir='ltr'><strong>missarum</strong></span> <span class='ocrx_word' id='word_1_174' title='bbox 597 2820 655 2862; x_wconf 91' lang='lat' dir='ltr'><strong>non</strong></span> <span class='ocrx_word' id='word_1_175' title='bbox 675 2802 845 2884; x_wconf 86' lang='lat' dir='ltr'><strong>institisset,</strong></span> <span class='ocrx_word' id='word_1_176' title='bbox 866 2822 1017 2882; x_wconf 86' lang='lat' dir='ltr'><strong>novaeque</strong></span> <span class='ocrx_word' id='word_1_177' title='bbox 1037 2807 1125 2882; x_wconf 87' lang='lat' dir='ltr'><strong>plane</strong></span> 
     </span>
    </p>

    <p class='ocr_par' dir='ltr' id='par_1_6' title="bbox 49 2907 1124 2990">
     <span class='ocr_line' id='line_1_25' title="bbox 49 2907 1124 2990; baseline -0.002 -18"><span class='ocrx_word' id='word_1_178' title='bbox 49 2908 196 2990; x_wconf 79' lang='lat' dir='ltr'><strong>imagines,</strong></span> <span class='ocrx_word' id='word_1_179' title='bbox 227 2912 397 2971; x_wconf 89' lang='lat' dir='ltr'><strong>ornamenta</strong></span> <span class='ocrx_word' id='word_1_180' title='bbox 427 2911 459 2968; x_wconf 93' lang='lat' dir='ltr'><strong>et</strong></span> <span class='ocrx_word' id='word_1_181' title='bbox 488 2907 671 2969; x_wconf 85' lang='lat' dir='ltr'><strong>inventiones</strong></span> <span class='ocrx_word' id='word_1_182' title='bbox 699 2926 717 2967; x_wconf 89' lang='lat' dir='ltr'><strong>a</strong></span> <span class='ocrx_word' id='word_1_183' title='bbox 743 2908 836 2969; x_wconf 87' lang='lat' dir='ltr'><strong>divite</strong></span> <span class='ocrx_word' id='word_1_184' title='bbox 860 2927 937 2970; x_wconf 89' lang='lat' dir='ltr'><strong>vena</strong></span> <span class='ocrx_word' id='word_1_185' title='bbox 961 2909 1124 2970; x_wconf 86' lang='lat' dir='ltr'><strong>fluxissent.</strong></span> 
     </span>
    </p>

    <p class='ocr_par' dir='ltr' id='par_1_7' title="bbox 7 2999 1124 3091">
     <span class='ocr_line' id='line_1_26' title="bbox 7 2999 1124 3091; baseline 0.002 -20"><span class='ocrx_word' id='word_1_186' title='bbox 7 3031 8 3036; x_wconf 49' lang='lat'>¹</span> <span class='ocrx_word' id='word_1_187' title='bbox 49 3011 160 3074; x_wconf 79' lang='lat' dir='ltr'><strong>Accedit</strong></span> <span class='ocrx_word' id='word_1_188' title='bbox 177 2999 256 3089; x_wconf 90' lang='lat' dir='ltr'><strong>quod</strong></span> <span class='ocrx_word' id='word_1_189' title='bbox 273 3011 398 3088; x_wconf 90' lang='lat' dir='ltr'><strong>epistola</strong></span> <span class='ocrx_word' id='word_1_190' title='bbox 414 3009 546 3070; x_wconf 85' lang='lat' dir='ltr'><strong>llelenae</strong></span> <span class='ocrx_word' id='word_1_191' title='bbox 564 3010 680 3088; x_wconf 87' lang='lat' dir='ltr'><strong>Paridi,</strong></span> <span class='ocrx_word' id='word_1_192' title='bbox 704 3010 792 3071; x_wconf 86' lang='lat' dir='ltr'><strong>trium</strong></span> <span class='ocrx_word' id='word_1_193' title='bbox 809 3012 1078 3091; x_wconf 89' lang='lat' dir='ltr'><strong>praestantissima,</strong></span> <span class='ocrx_word' id='word_1_194' title='bbox 1092 3013 1124 3074; x_wconf 91' lang='lat' dir='ltr'><strong>in</strong></span> 
     </span>
    </p>

    <p class='ocr_par' dir='ltr' id='par_1_8' title="bbox 49 3111 1122 3296">
     <span class='ocr_line' id='line_1_27' title="bbox 49 3111 1122 3194; baseline 0.005 -22"><span class='ocrx_word' id='word_1_195' title='bbox 49 3112 144 3176; x_wconf 81' lang='lat' dir='ltr'><strong>Codice</strong></span> <span class='ocrx_word' id='word_1_196' title='bbox 164 3114 300 3174; x_wconf 88' lang='lat' dir='ltr'><strong>Palatino</strong></span> <span class='ocrx_word' id='word_1_197' title='bbox 320 3112 487 3174; x_wconf 85' lang='lat' dir='ltr'><strong>inscribitur</strong></span> <span class='ocrx_word' id='word_1_198' title='bbox 511 3111 612 3173; x_wconf 78' lang='lat' dir='ltr'><strong>Sabini</strong></span> <span class='ocrx_word' id='word_1_199' title='bbox 627 3119 728 3191; x_wconf 83' lang='lat' dir='ltr'><strong>poetae</strong></span> <span class='ocrx_word' id='word_1_200' title='bbox 744 3114 866 3192; x_wconf 78' lang='lat' dir='ltr'><strong>epistola</strong></span> <span class='ocrx_word' id='word_1_201' title='bbox 883 3133 940 3194; x_wconf 83' lang='lat' dir='ltr'><strong>qao</strong></span> <span class='ocrx_word' id='word_1_202' title='bbox 957 3116 1122 3178; x_wconf 80' lang='lat' dir='ltr'><strong>dleaaadro</strong></span> 
     </span>
     <span class='ocr_line' id='line_1_28' title="bbox 49 3215 328 3296; baseline 0 -20"><span class='ocrx_word' id='word_1_203' title='bbox 49 3215 148 3278; x_wconf 84' lang='lat' dir='ltr'><strong>Holeau</strong></span> <span class='ocrx_word' id='word_1_204' title='bbox 168 3217 328 3296; x_wconf 82' lang='lat' dir='ltr'><strong>respondet.</strong></span> 
     </span>
    </p>

    <p class='ocr_par' dir='ltr' id='par_1_9' title="bbox 80 3318 1122 3402">
     <span class='ocr_line' id='line_1_29' title="bbox 80 3318 1122 3402; baseline 0.004 -24"><span class='ocrx_word' id='word_1_205' title='bbox 80 3320 246 3382; x_wconf 78' lang='lat' dir='ltr'><strong>versiculus</strong></span> <span class='ocrx_word' id='word_1_206' title='bbox 264 3319 407 3396; x_wconf 81' lang='lat' dir='ltr'><strong>Ootipcdis</strong></span> <span class='ocrx_word' id='word_1_207' title='bbox 427 3318 531 3379; x_wconf 81' lang='lat' dir='ltr'><strong>Cancri</strong></span> <span class='ocrx_word' id='word_1_208' title='bbox 549 3325 628 3396; x_wconf 77' lang='lat' dir='ltr'><strong>torpa</strong></span> <span class='ocrx_word' id='word_1_209' title='bbox 647 3319 767 3380; x_wconf 78' lang='lat' dir='ltr'><strong>sinistra</strong></span> <span class='ocrx_word' id='word_1_210' title='bbox 778 3321 858 3399; x_wconf 82' lang='lat' dir='ltr'><strong>time,</strong></span> <span class='ocrx_word' id='word_1_211' title='bbox 870 3322 963 3398; x_wconf 88' lang='lat' dir='ltr'><strong>quiin</strong></span> <span class='ocrx_word' id='word_1_212' title='bbox 974 3322 1122 3402; x_wconf 71' lang='lat' dir='ltr'><strong>Astroloqo</strong></span> 
     </span>
    </p>

    <p class='ocr_par' dir='ltr' id='par_1_10' title="bbox 7 3423 1122 3504">
     <span class='ocr_line' id='line_1_30' title="bbox 7 3423 1122 3504; baseline 0.004 -22"><span class='ocrx_word' id='word_1_213' title='bbox 7 3429 8 3472; x_wconf 57' lang='grc' dir='ltr'>ὲ</span> <span class='ocrx_word' id='word_1_214' title='bbox 49 3425 176 3503; x_wconf 89' lang='lat' dir='ltr'><strong>occurrit,</strong></span> <span class='ocrx_word' id='word_1_215' title='bbox 197 3424 294 3500; x_wconf 82' lang='lat' dir='ltr'><strong>arguit</strong></span> <span class='ocrx_word' id='word_1_216' title='bbox 314 3423 441 3484; x_wconf 87' lang='lat' dir='ltr'><strong>indolem</strong></span> <span class='ocrx_word' id='word_1_217' title='bbox 458 3426 488 3483; x_wconf 89' lang='lat' dir='ltr'><strong>et</strong></span> <span class='ocrx_word' id='word_1_218' title='bbox 505 3427 597 3484; x_wconf 88' lang='lat' dir='ltr'><strong>artem</strong></span> <span class='ocrx_word' id='word_1_219' title='bbox 607 3424 791 3504; x_wconf 85' lang='lat' dir='ltr'><strong>Troezenae,</strong></span> <span class='ocrx_word' id='word_1_220' title='bbox 803 3425 1018 3503; x_wconf 88' lang='lat' dir='ltr'><strong>aliquandoque</strong></span> <span class='ocrx_word' id='word_1_221' title='bbox 1029 3428 1122 3504; x_wconf 89' lang='lat' dir='ltr'><strong>suspi-</strong></span> 
     </span>
    </p>
   </div>
   <div class='ocr_carea' id='block_1_3' title="bbox 50 3577 1122 3726">
    <p class='ocr_par' dir='ltr' id='par_1_11' title="bbox 50 3577 1122 3726">
     <span class='ocr_line' id='line_1_31' title="bbox 50 3577 1122 3649; baseline 0.007 -25"><span class='ocrx_word' id='word_1_222' title='bbox 50 3579 123 3628; x_wconf 74' lang='lat' dir='ltr'><strong>aare.</strong></span> <span class='ocrx_word' id='word_1_223' title='bbox 148 3579 225 3628; x_wconf 86' lang='lat' dir='ltr'><strong>Locus</strong></span> <span class='ocrx_word' id='word_1_224' title='bbox 245 3581 323 3628; x_wconf 64' lang='lat' dir='ltr'><strong>nmen</strong></span> <span class='ocrx_word' id='word_1_225' title='bbox 340 3577 452 3628; x_wconf 88' lang='lat' dir='ltr'><strong>sddnctus</strong></span> <span class='ocrx_word' id='word_1_226' title='bbox 472 3577 552 3638; x_wconf 86' lang='lat' dir='ltr'><strong>litem,</strong></span> <span class='ocrx_word' id='word_1_227' title='bbox 574 3594 626 3628; x_wconf 83' lang='lat' dir='ltr'><strong>mea</strong></span> <span class='ocrx_word' id='word_1_228' title='bbox 643 3581 768 3640; x_wconf 84' lang='lat' dir='ltr'><strong>sententia,</strong></span> <span class='ocrx_word' id='word_1_229' title='bbox 785 3586 861 3641; x_wconf 84' lang='lat' dir='ltr'><strong>secat;</strong></span> <span class='ocrx_word' id='word_1_230' title='bbox 879 3581 899 3632; x_wconf 85' lang='lat' dir='ltr'><strong>si</strong></span> <span class='ocrx_word' id='word_1_231' title='bbox 916 3585 993 3633; x_wconf 62' lang='lat' dir='ltr'><strong>summ</strong></span> <span class='ocrx_word' id='word_1_232' title='bbox 1011 3583 1122 3649; x_wconf 82' lang='lat' dir='ltr'><strong>adpossis</strong></span> 
     </span>
     <span class='ocr_line' id='line_1_32' title="bbox 51 3655 1122 3726; baseline 0.007 -20"><span class='ocrx_word' id='word_1_233' title='bbox 51 3655 146 3710; x_wconf 76' lang='lat' dir='ltr'><strong>uirtutem</strong></span> <span class='ocrx_word' id='word_1_234' title='bbox 163 3663 269 3726; x_wconf 81' lang='lat' dir='ltr'><strong>spectes,</strong></span> <span class='ocrx_word' id='word_1_235' title='bbox 286 3660 408 3709; x_wconf 85' lang='lat' dir='ltr'><strong>Manutius</strong></span> <span class='ocrx_word' id='word_1_236' title='bbox 424 3659 497 3726; x_wconf 84' lang='lat' dir='ltr'><strong>proha</strong></span> <span class='ocrx_word' id='word_1_237' title='bbox 513 3660 643 3711; x_wconf 86' lang='lat' dir='ltr'><strong>diremerat.</strong></span> <span class='ocrx_word' id='word_1_238' title='bbox 661 3661 798 3714; x_wconf 81' lang='lat' dir='ltr'><strong>Addandum</strong></span> <span class='ocrx_word' id='word_1_239' title='bbox 813 3668 849 3713; x_wconf 85' lang='lat' dir='ltr'><strong>est</strong></span> <span class='ocrx_word' id='word_1_240' title='bbox 862 3663 953 3714; x_wconf 87' lang='lat' dir='ltr'><strong>nullum</strong></span> <span class='ocrx_word' id='word_1_241' title='bbox 965 3669 1122 3714; x_wconf 70' lang='lat' dir='ltr'><strong>savatorem</strong></span> 
     </span>
    </p>
   </div>
   <div class='ocr_carea' id='block_1_4' title="bbox 7 3737 597 3814">
    <p class='ocr_par' dir='ltr' id='par_1_12' title="bbox 7 3709 597 3814">
     <span class='ocr_line' id='line_1_33' title="bbox 7 3737 597 3814; baseline 0.019 -31"><span class='ocrx_word' id='word_1_242' title='bbox 7 3803 9 3814; x_wconf 70' lang='lat'><strong>.</strong></span> <span class='ocrx_word' id='word_1_243' title='bbox 52 3737 145 3790; x_wconf 66' lang='lat' dir='ltr'><strong>iadicem</strong></span> <span class='ocrx_word' id='word_1_244' title='bbox 161 3743 224 3794; x_wconf 67' lang='lat' dir='ltr'><strong>MS.</strong></span> <span class='ocrx_word' id='word_1_245' title='bbox 241 3745 290 3792; x_wconf 82' lang='lat' dir='ltr'><strong>tres</strong></span> <span class='ocrx_word' id='word_1_246' title='bbox 306 3742 415 3808; x_wconf 81' lang='lat' dir='ltr'><strong>epistolas</strong></span> <span class='ocrx_word' id='word_1_247' title='bbox 431 3742 597 3809; x_wconf 85' lang='lat' dir='ltr'><strong>perhibentem.</strong></span> 
     </span>
    </p>
   </div>
   <div class='ocr_carea' id='block_1_5' title="bbox 7 3945 9 4016">
    <p class='ocr_par' dir='ltr' id='par_1_13' title="bbox 7 3945 9 4016">
     <span class='ocr_line' id='line_1_34' title="bbox 7 3945 9 4016; baseline 0 0"><span class='ocrx_word' id='word_1_248' title='bbox 7 3945 9 4016; x_wconf 79' lang='lat' dir='ltr'><strong>i</strong></span> 
     </span>
    </p>
   </div>
   <div class='ocr_carea' id='block_1_6' title="bbox 0 0 1324 4400">
    <p class='ocr_par' dir='ltr' id='par_1_14' title="bbox 0 0 1324 4400">
     <span class='ocr_line' id='line_1_35' title="bbox 0 0 1324 4400; baseline 0 0"><span class='ocrx_word' id='word_1_249' title='bbox 0 0 1324 4400; x_wconf 95' lang='lat' dir='ltr'><strong> </strong></span> 
     </span>
    </p>
   </div>
  </div>
 </body>
</html>
