2624 4398
564 357 623 420 125

304 667 306 678 Ι
402 569 784 640 scierim.

475 720 528 770 ΔΙ)
547 719 713 770 Gfflfflfl·

353 834 437 899 (node
453 835 537 888 Burin.
556 836 603 898 10,
620 835 718 889 Iacchm.
736 837 783 898 11,
799 835 832 900 Ι.)

76 963 155 1017 codd.
177 963 275 1031 elegiam
295 963 403 1017 inscrm
425 965 507 1017 Primo
526 964 608 1016 Libro.
642 967 733 1018 Verum
751 964 856 1032 (Μία
871 981 907 1018 nc
923 965 1006 1020 docuit
1021 970 1046 1017 et
1060 981 1109 1018 nos

110 1047 741 1117 nihileyicdsrcrprcbmt,ecmccmcripicmiuims
749 1050 889 1118 comprimis
898 1066 1005 1102 smcrrm
1013 1049 1106 1110 dicbus,

76 1152 83 1166 ·
112 1129 153 1180 ssd
175 1134 300 1196 postquam
320 1132 407 1184 amoris
428 1133 585 1184 cruciamenta
606 1135 630 1184 st
652 1134 744 1184 strides
767 1135 844 1186 fueret
866 1137 985 1206 expertus.
1019 1135 1108 1184 Versus

113 1212 214 1263 2‘1-38
230 1212 256 1263 in
272 1210 329 1280 eleg.
347 1215 369 1264 X
385 1213 462 1266 Primi
478 1215 547 1267 Libri
562 1217 712 1284 irrepserant.

168 1356 344 1437 ojucunca
363 1359 465 1442 quies,
485 1361 580 1439 primo
600 1379 667 1424 cum
688 1360 774 1424 testis
794 1362 888 1423 amori
982 1415 984 1422 ,

209 1460 370 1526 Adicersm
388 1465 497 1528 restris
516 1467 650 1528 conscius
670 1466 702 1527 in
721 1449 868 1528 lacrimis!

169 1563 195 1629 Ο
215 1571 330 1630 noctem
350 1569 520 1632 meminisse
538 1570 613 1632 mihi
627 1570 761 1649 jucunda
780 1569 934 1647 voluptas!

210 1669 236 1732 Ο
256 1671 391 1750 quotiens
410 1673 488 1735 rotis
508 1673 562 1735 ills
582 1674 715 1735 vocanda
734 1673 826 1734 meisi

171 1773 246 1838 Cum
265 1779 296 1838 tc
316 1777 470 1856 complexa
489 1777 677 1857 morientem,
699 1775 801 1856 Galle,
822 1776 923 1855 puelle
1123 1777 1143 1837 5

210 1879 366 1960 Vidimus,
386 1883 417 1940 et
436 1881 524 1958 longa
544 1880 650 1943 ducere
670 1879 763 1942 verba
783 1897 872 1941 mom.

172 1982 315 2058 Quamvis
326 1984 467 2046 ‘labentes
486 1988 634 2063 premeret
652 1983 727 2044 mihi
747 2000 867 2048 somnus
887 1983 1014 2063 ocellos,

210 2087 251 2148 Er
270 2087 377 2150 mediis
396 2089 479 2150 caclo
499 2089 585 2150 Luna
604 2089 723 2150 ruberet
743 2089 844 2168 equis,

171 2193 238 2255 Non
258 2195 357 2253 tamen
377 2211 396 2256 s
415 2171 514 2254 vestro
533 2191 616 2270 potui
636 2193 775 2254 secedere
794 2193 879 2272 lusu3

211 2295 325 2357 Tantus
346 2297 378 2357 in
397 2297 519 2358 alternis
539 2297 661 2362 vocibus
681 2296 769 2357 ardor
788 2299 861 2356 erat.
1106 2297 1146 2356 10

171 2397 232 2460 Sed
253 2399 392 2476 quonism
412 2417 470 2461 non
491 2417 523 2461 es
543 2399 656 2460 veritus
676 2398 851 2460 concredere
871 2397 972 2478 nobis,

117 2488 119 2493 ¹
211 2502 322 2581 Accipe
342 2503 514 2565 commissae
533 2520 656 2564 munera
675 2502 817 2564 laetitiae.

170 2607 238 2668 Non
258 2607 353 2668 solum
372 2610 486 2669 vestros
506 2605 599 2668 didici
618 2607 744 2669 reticere
763 2606 895 2686 dolores3

211 2711 267 2771 Est
286 2711 427 2788 quiddam
447 2711 478 2772 in
498 2710 583 2772 nobis
603 2711 715 2792 meins,
736 2711 846 2790 amice,
867 2709 935 2772 fide.

171 2814 294 2876 Possum
314 2831 370 2891 ego
390 2814 524 2875 diversos
544 2813 651 2874 iterum
672 2814 849 2892 conjungere
869 2815 1018 2894 amentes,
1106 2813 1145 2873 15

99 2916 103 2925 '
209 2917 249 2979 Et
269 2917 405 2994 dominae
425 2917 525 2980 tardas
545 2936 665 2996 possum
685 2919 800 2997 aperire
820 2917 915 2980 fores:

170 3019 210 3082 m
228 3039 348 3099 possum
368 3022 490 3083 alterius
510 3039 597 3084 curas
617 3039 722 3083 sanare
743 3023 893 3100 recentes,

210 3123 275 3184 Nec
294 3124 370 3186 levis
390 3123 422 3185 in
442 3123 541 3187 verbis
563 3129 609 3187 est
628 3123 775 3186 medicina
795 3122 879 3183 meis.

171 3219 301 3303 Cynthia
321 3243 368 3288 me
388 3226 489 3288 docuit
509 3244 625 3304 semper
645 3243 845 3305 quaecumque
865 3221 995 3302 petenda

211 3327 354 3406 Quaeque
374 3329 507 3392 cavenda
526 3329 637 3410 forent3
659 3349 719 3391 non
737 3328 813 3390 nihil
834 3329 897 3406 egit
916 3326 1015 3388 Amor.
1106 3325 1147 3386 20

171 3430 220 3492 Tu
239 3449 328 3512 cave,
348 3449 386 3492 ne
406 3433 484 3493 tristi
504 3433 607 3510 cupias
626 3450 759 3511 pugnare
778 3433 915 3511 puellae,

210 3535 296 3595 Neve
316 3534 444 3612 superba
464 3534 560 3614 loqui,
581 3553 657 3596 neve
678 3539 777 3596 tacere
799 3535 867 3616 diu3

172 3637 285 3700 Nessi
306 3639 378 3716 quid
398 3639 504 3719 petiit,
525 3639 642 3716 ingrate
661 3637 756 3700 fronte
777 3637 911 3720 negarim

211 3742 278 3804 Neu
299 3740 354 3804 tibi
374 3760 428 3819 pro
446 3759 523 3804 vanc
542 3741 635 3803 verba
653 3742 783 3820 benigna
802 3741 920 3806 cadant.
