2640 4400
163 385 222 434 XVI

162 549 284 609 Romam
307 545 400 623 redit,
431 548 461 607 at
486 546 610 623 primum
627 544 797 621 Elegiamm
814 545 920 606 librum
941 546 1052 621 vulgat
1093 543 1256 607 Graeciam

162 651 271 712 idcirco
290 667 348 710 non
368 649 479 711 invisit.
566 722 568 728 Ι

196 755 272 827 vhlor
299 754 477 816 Maecenatis
504 755 628 832 gratiam
657 755 713 815 sibi
740 755 922 833 conciliavit,
949 754 1067 833 optimis
1087 753 1258 831 quibusque

164 859 290 936 ingeniis
316 858 452 920 laventis.
492 857 540 919 An
567 860 604 919 ab
632 856 765 936 Augusto
785 859 873 920 fucrit
893 863 1043 939 receptus,
1064 877 1122 920 non
1142 859 1260 936 liquet,

164 980 339 1040 quamquam
371 962 416 1021 illi
446 979 655 1039 saepenumero
686 960 843 1022 blanditur.
884 964 948 1024 Hoc
978 966 1089 1024 certum
1119 967 1164 1023 esi
1199 962 1261 1023 duo

163 1072 299 1145 poemata
316 1067 354 1126 ad
368 1063 524 1127 Caesarem
539 1065 622 1134 (Lib.
638 1063 702 1125 Sec.
719 1064 803 1124 XXV
820 1069 851 1126 et
866 1065 994 1148 XXVH)
1012 1065 1130 1128 condita
1145 1064 1261 1144 fuisse,

164 1170 233 1231 dum
260 1169 422 1246 Imperator
445 1168 475 1227 in
495 1166 568 1228 Asia
588 1185 641 1244 per
660 1166 819 1227 triennium
839 1171 1031 1230 commoratus
1051 1167 1123 1248 linit,
1143 1169 1262 1228 bellum
1314 1173 1315 1192 ¹

164 1273 282 1334 Parthis
313 1276 343 1332 et
373 1271 455 1332 Indis
486 1271 629 1332 inlaturus
659 1268 728 1350 (An.
758 1267 1058 1353 DCCXXXIII—V).
1099 1270 1263 1330 Maecenas

160 1377 299 1455 juvenem
327 1375 462 1436 acerrimi
489 1375 600 1451 ingenii
627 1359 661 1434 ut
691 1375 827 1450 graviora
859 1379 889 1436 et
917 1375 1036 1437 heroion
1060 1376 1263 1450 pertractaret

164 1481 349 1559 hortabatur3
371 1479 539 1557 Propertius
559 1495 590 1539 se
612 1477 721 1538 talibus
742 1479 843 1538 officiis
864 1496 998 1538 mancum
1020 1477 1196 1538 excusabat:

382 1582 445 1647 Quid
462 1598 499 1632 ma
516 1580 629 1630 scribendi
646 1585 694 1630 tam
712 1584 806 1631 vastum
823 1581 898 1630 mittis
915 1581 939 1630 in
956 1584 1058 1644 aequor.⁹

415 1665 469 1714 Nou
486 1667 541 1713 suut
558 1649 616 1729 apta¹
629 1679 680 1712 mea
696 1663 792 1729 mandis
808 1663 860 1712 vela
877 1663 930 1712 rati.

380 1747 458 1813 'l'urpe
474 1750 522 1806 est,
540 1746 602 1812 quod
617 1762 729 1811 nequeas,
747 1746 818 1812 ospiti
835 1747 981 1796 committere
997 1745 1099 1811 pondus,

414 1829 447 1878 ut
463 1844 570 1894 pressum
586 1828 670 1877 inflexo
687 1843 742 1878 mox
759 1829 813 1878 dara
829 1831 896 1893 terga
911 1844 979 1892 genu.
1006 1826 1067 1889 (Lib.
1085 1827 1148 1878 Turi.
1167 1827 1225 1890 lx.)

166 1919 280 1996 Arguta
308 1925 406 1980 tamen
435 1919 610 1997 adjiciebat,
639 1919 751 1980 leviora
780 1919 891 1995 ingenii
918 1936 1006 1995 opera
1029 1919 1120 1997 loc-arm
1142 1937 1265 1997 quoque
1317 1963 1318 1972 .

167 2024 322 2085 airadieorr.

382 2103 449 2153 Inter
466 2102 603 2153 Callimachi
620 2106 656 2152 sat
672 2104 718 2154 erit
734 2101 847 2169 placuisse
863 2103 965 2162 libellos,

417 2186 449 2235 ut
466 2185 574 2236 cecinisse
590 2185 678 2246 modis,
695 2187 847 2253 Eurypylita,
864 2187 920 2236 tuis.
938 2187 1003 2247 (Lac.
1021 2185 1069 2244 cit.)
1318 2198 1319 2268 p

168 2284 261 2345 Genio
289 2282 458 2361 indulgens,
487 2283 524 2343 de
550 2283 598 2342 die
625 2282 805 2362 desipiebat,
838 2282 968 2359 Venere,
996 2281 1156 2360 conviviis,
1183 2281 1267 2343 ludis
1318 2283 1319 2300 ¹

167 2389 314 2466 gaudens,
334 2387 441 2464 puellis
462 2390 492 2446 et
512 2386 615 2446 amicis
637 2404 739 2448 versus
760 2387 902 2466 recitans,
926 2390 999 2447 teste
1021 2385 1140 2446 Ovidio:

382 2492 454 2554 Saepe
471 2503 525 2538 suos
541 2488 624 2538 solitus
642 2488 740 2539 recitare
758 2488 896 2554 Propertius
911 2487 991 2553 ignes,

416 2572 474 2620 Jura
491 2570 591 2620 sodalitii
608 2569 648 2635 qui
664 2569 723 2619 mihi
737 2570 835 2633 junctus
852 2573 909 2619 erat.
936 2570 1016 2632 (lrist.
1035 2569 1081 2628 lV,
1100 2571 1149 2630 10.)

169 2661 241 2740 lijus
252 2661 409 2742 desidiam,
422 2662 659 2742 incogitantiam,
671 2663 828 2724 dissolutos
839 2680 934 2724 mores
947 2661 1140 2740 objurgabant
1150 2660 1267 2722 cordati

168 2765 224 2823 viri
246 2768 276 2825 at
295 2765 520 2826 continentiores
540 2765 717 2845 familiares3
739 2766 845 2843 quibus
866 2766 978 2828 tetricis
999 2766 1065 2828 ille:

385 2870 435 2919 Ista
451 2885 517 2920 senes
533 2869 588 2921 licet
605 2874 713 2921 accusant
731 2870 837 2921 convivia
853 2870 918 2920 duri:

416 2953 466 3002 Nos
483 2953 553 3002 modo
568 2952 728 3019 propositum,
746 2953 810 3014 via,
827 2957 930 3004 teramus
946 2952 991 3002 iter
1011 2990 1016 3002 .
1036 2990 1041 3000 .
1060 2989 1066 3000 .

385 3033 439 3083 Una
456 3037 590 3085 caumatum
608 3035 692 3101 pudeat
709 3051 746 3085 me
764 3035 842 3086 vivere
859 3035 951 3085 amica?

362 3143 370 3164 ι
417 3116 471 3166 Hoc
488 3117 507 3166 si
525 3117 611 3168 odmen
630 3117 688 3177 erit,
706 3117 795 3168 crimen
812 3119 906 3168 Amoris
924 3118 976 3168 orit.
1007 3115 1068 3179 (Lib.
1085 3118 1135 3166 Sec.
1153 3113 1190 3165 lll.
1209 3109 1270 3167 xl.)

209 3204 331 3267 Hostiae
347 3207 448 3267 ocellis
465 3212 584 3287 captus,
607 3209 705 3270 Hostii
726 3214 829 3285 poetae
850 3207 1015 3286 proneptis,
1038 3207 1088 3283 qui
1105 3222 1210 3283 poema
1228 3206 1271 3266 de

169 3307 252 3368 Beda
263 3309 391 3370 Histrico
409 3316 622 3392 composuerat,
642 3329 707 3372 eam
724 3311 792 3374 ficto
803 3311 949 3388 Cynthiae
960 3311 1089 3388 nomine,
1109 3310 1145 3369 de
1157 3310 1269 3370 Roma·

169 3429 270 3474 norum
291 3417 441 3488 poetamm
462 3433 558 3492 more,
580 3421 721 3492 perpetuo
742 3415 916 3493 celebravit,
935 3414 966 3472 in
981 3411 1270 3491 cnjuscontubernio

169 3532 222 3592 per
241 3515 369 3594 quinque
390 3537 481 3579 annos
502 3520 610 3580 mansit
631 3518 654 3580 ¹.
685 3519 844 3595 Egregiam
866 3516 994 3594 corporis
1015 3515 1153 3594 formam,
1177 3531 1270 3589 quam

208 3682 217 3708 ¹
255 3675 369 3742 Cynthiae
391 3678 467 3744 patria
489 3677 562 3728 'liber
584 3677 640 3738 fuit,
664 3677 684 3728 si
708 3677 799 3744 spuriae
816 3677 901 3742 elegias
918 3678 948 3727 de
969 3675 1057 3726 Umbra
1075 3673 1193 3738 Cynthiae
1209 3674 1271 3723 tides

172 3758 203 3809 sit
219 3758 329 3812 habenda.
363 3761 422 3812 ham
439 3760 524 3813 'libare
540 3763 691 3814 rusticantem
709 3764 827 3813 monstrat
843 3759 881 3812 lli.
901 3758 976 3809 xvll
993 3757 1066 3808 'lar-tii
1084 3754 1157 3808 Libri.
