2624 4398
631 351 741 424 Ι74

241 513 243 518 ’
295 523 378 583 Haec
397 521 453 584 tibi
472 522 610 600 vulgares
630 522 702 584 istos
721 527 888 602 compescet
906 543 1036 606 amores,

333 626 397 686 Neo
417 644 494 686 nova
513 626 679 702 quaerendo
699 644 815 705 semper
834 628 946 689 amicus
965 630 1034 690 eris.

295 731 377 792 Haec
397 748 452 807 ego
472 750 530 792 non
549 747 663 792 rumore
683 731 773 811 malo,
793 750 852 792 non
872 750 982 809 augure
1003 732 1127 796 doctus:

334 833 405 893 Vidi
425 851 496 911 ego:
515 852 579 913 me,
599 850 725 912 quaeso,
745 836 821 894 teste
841 851 951 910 negare
970 835 1080 911 potes?

293 936 365 996 Vidi
385 953 440 1012 ego
459 938 490 995 te
509 939 570 997 toto
590 936 720 996 vinctum
740 937 930 1013 languescere
949 939 1045 1017 collo,
1231 941 1265 1000 15

333 1038 373 1097 Et
391 1038 463 1097 flere
483 1037 615 1117 injectis,
635 1037 737 1117 Galle,
758 1037 810 1097 diu
829 1039 980 1119 manibus,

292 1140 332 1201 st
351 1158 457 1218 cupere
477 1141 585 1218 optatis
605 1140 733 1201 animam
752 1141 898 1218 deponere
917 1142 1032 1224 uerbis,
1113 1185 1122 1200 .

332 1245 373 1305 Et
393 1262 469 1320 quse
489 1245 597 1305 deinde
616 1262 699 1305 meus
719 1246 811 1324 celat,
831 1246 941 1326 amice,
961 1247 1063 1325 pudor.

292 1347 359 1408 Non
379 1365 434 1424 ego
454 1348 624 1424 complexus
643 1348 725 1425 potui
745 1347 883 1408 diducere
903 1353 1032 1429 vestr0s;

332 1451 446 1511 Tantus
466 1455 530 1511 crat
549 1451 669 1512 demens
689 1452 924 1529 interutrosque
944 1453 1042 1514 furor!
1226 1457 1264 1514 20

292 1555 359 1615 Non
379 1554 422 1615 sic
441 1554 603 1615 Haemonio
624 1553 793 1616 Salmonida
812 1556 922 1617 mixtus
941 1557 1055 1635 Enipeo

331 1657 496 1716 Taenarius
516 1656 596 1717 facili
615 1657 724 1734 pressit
743 1677 842 1719 amore
862 1659 952 1739 deus,

292 1760 356 1820 Noc
376 1759 419 1819 sic
438 1760 595 1820 caelestem
614 1758 742 1836 flagrans
763 1778 843 1821 amor
863 1761 999 1823 Herculis
1019 1763 1126 1826 Heben

332 1861 432 1924 Sensit
451 1863 489 1922 ab
509 1859 628 1923 Oetacis
648 1863 757 1940 gaudia
776 1864 872 1940 prima
886 1864 978 1943 jugis.

293 1967 360 2029 Uns
380 1965 444 2026 dies
465 1983 565 2026 omnes
585 1965 680 2043 potuit
699 1984 887 2042 praecurrere
907 1984 1037 2028 amores:
1225 1969 1261 2028 25

330 2070 409 2129 Nam
429 2068 484 2129 tibi
504 2086 562 2128 non
580 2068 697 2144 tepidos
717 2068 848 2130 subdidit
868 2069 921 2129 illo
940 2068 1036 2149 faces,

291 2174 355 2234 Nec
374 2173 429 2234 tibi
448 2172 622 2250 praeteritos
642 2190 731 2248 passo
751 2176 797 2234 est
816 2172 972 2234 succedere
992 2172 1104 2253 festus,

331 2276 395 2337 Nec
415 2276 493 2337 sinet
513 2274 636 2334 abduci:
657 2278 687 2334 te
707 2278 775 2335 tuus
795 2274 881 2334 ordor
901 2279 978 2351 aget.

291 2379 355 2441 Nec
374 2379 496 2458 mirum,
517 2396 583 2438 cum
603 2378 643 2438 sit
661 2378 736 2438 Jove
757 2376 847 2454 digna
867 2381 897 2438 ct
916 2376 1051 2454 proxime
1069 2377 1185 2459 Ledae,

329 2483 370 2543 Et
389 2482 490 2544 Ledae
509 2485 611 2559 partu:
632 2481 743 2557 gratior
763 2499 822 2542 une
841 2481 951 2561 tribus,
1221 2481 1257 2540 30

289 2587 346 2647 Illo
367 2587 407 2648 sit
426 2585 556 2646 Inachiis
577 2590 606 2645 et
625 2585 761 2646 blandior
780 2584 926 2664 heminis,

329 2690 386 2749 llls
406 2688 468 2748 suis
488 2688 587 2748 verbis
607 2691 693 2764 cogat
712 2705 812 2748 amore
831 2688 945 2748 Jovom.

289 2793 338 2853 Tu
357 2809 442 2870 vero,
463 2791 601 2868 quonism
621 2791 712 2854 semel
732 2807 764 2852 es
784 2791 931 2869 periturus
951 2809 1064 2870 amore,

328 2896 435 2956 Utere:
455 2914 513 2956 non
534 2895 592 2955 alio
611 2894 713 2955 limine
733 2894 840 2970 dignus
860 2912 935 2955 eros.

288 3000 372 3076 Quae
392 2999 447 3059 tibi
468 2999 521 3078 sit,
542 2998 615 3059 felix
634 2998 773 3074 quonism
792 3016 885 3059 novus
906 2998 1010 3059 incidit
1030 3015 1125 3060 error:
1216 2995 1249 3056 35

327 3104 367 3163 Et
386 3106 572 3179 quotcunque
593 3103 690 3181 voles,
711 3118 778 3161 unu.
790 3103 829 3162 sit
850 3103 908 3162 ists
927 3101 991 3162 tibi.

217 3247 240 3296 7.
277 3247 385 3301 duodoni
407 3261 454 3294 nou
477 3245 504 3294 de
527 3243 619 3309 vulgari
642 3245 728 3294 femine
750 3244 864 3310 intelligo.
899 3242 1036 3310 Propertius
1053 3244 1144 3310 puellae
1160 3260 1173 3293 s
1188 3240 1247 3292 Gallo

165 3329 263 3379 dilectos
279 3345 363 3379 nomon
380 3327 467 3377 urbonc
483 3332 507 3377 et
524 3327 621 3376 comiter
636 3330 706 3376 tacet.
733 3328 844 3376 Ceterum
861 3328 940 3376 confer
955 3342 1037 3376 versus
1055 3328 1087 3376 29
1104 3331 1128 3377 ct
1144 3343 1204 3391 seqq.

215 3415 240 3466 8.
274 3416 346 3466 Gron.
370 3420 394 3466 et
417 3417 492 3482 Neap.
514 3415 584 3466 adire
605 3445 638 3452 —
660 3415 794 3474 Palatinus,
819 3416 961 3465 Heinsisnus
983 3419 1007 3464 et
1023 3416 1206 3466 Burmanninnus
1222 3412 1243 3460 l:

165 3497 246 3558 adire,
263 3498 325 3563 qnod
342 3499 430 3565 occipio
447 3514 490 3564 pro
502 3499 590 3564 perire.
609 3498 712 3547 Oriticus
729 3497 843 3547 morosior
860 3497 981 3548 clamavit:
997 3497 1176 3564 cuperent,qui
1183 3495 1243 3544 tulero

92 3603 99 3618 ·
164 3581 379 3647 interpretationem
387 3581 507 3647 proponit.
527 3580 563 3628 llii
581 3596 648 3629 omcn
665 3582 782 3629 auertant:
800 3596 851 3629 eum
868 3596 910 3645 ego
925 3579 1068 3629 commendo.
1087 3575 1244 3630 Itnliceroem'r

165 3679 239 3716 mene.
263 3664 309 3729 Qui
326 3664 396 3714 adire
411 3666 519 3723 tuentur,
537 3662 697 3729 explicantis
714 3661 795 3712 limine
806 3663 885 3728 primo
900 3662 1007 3729 deficere.
1025 3663 1138 3723 Puccius‚
1148 3657 1242 3720 Peuejus

164 3751 189 3796 et
204 3750 294 3798 veteres
311 3745 434 3796 mooun:
452 3761 540 3795 amare.
