2624 4398
665 275 724 336 120

267 449 346 524 Quid
366 447 474 537 frustra
493 447 592 510 missis
612 449 643 508 in
663 464 710 512 me
731 447 850 510 certatis
870 445 1016 510 habenis?

307 555 373 614 Non
394 552 481 619 datm
501 551 540 612 ad
559 551 659 613 Musas
679 567 795 612 onmem
815 552 877 611 lata
896 550 954 612 via

265 656 368 736 Multi,
389 657 498 736 Roma,
519 659 585 716 tuas
605 655 709 717 landes
729 655 885 716 annalibus
906 654 1031 745 addent,
1220 658 1264 717 15
1306 710 1307 718 ,

307 758 366 835 Qui
385 759 472 821 finem
492 759 608 836 imperii
628 758 736 820 Baetra
755 757 854 820 futura
874 761 988 820 sanent.
1306 736 1308 763 ⁴

267 861 341 941 Sed,
362 862 441 940 qnod
460 879 533 939 paee
553 863 648 940 legas,
669 879 742 939 opus
762 860 817 923 hoo
837 860 874 921 de
894 864 992 921 monte
1013 860 1155 926 Sororum

306 965 422 1026 Detulit
441 964 552 1025 intaeta
571 964 681 1041 pagina
700 966 801 1024 nostra
819 962 878 1023 via.

267 1068 385 1148 Mollia,
405 1067 581 1147 Pegasides,
601 1071 700 1128 vestro
719 1066 789 1128 date
808 1070 888 1128 serta
907 1069 1030 1146 poetas,
1309 1151 1310 1154 Ἴ

307 1173 375 1233 Non
393 1170 483 1232 faciet
502 1170 593 1250 eapiti
613 1170 687 1232 dura
706 1188 813 1231 eorona
832 1188 906 1233 meo.
1220 1176 1263 1234 20

269 1273 310 1336 At
330 1273 420 1354 mihi,
441 1274 520 1351 qnod
539 1274 609 1336 vivo
629 1273 792 1335 detraxerit
812 1273 915 1334 invida
934 1273 1036 1356 turba,

306 1379 379 1440 Post
398 1378 510 1439 obitum
530 1378 641 1456 duplici
661 1377 779 1450 foenore
799 1378 904 1440 reddet
925 1379 1034 1441 Honos.

266 1481 373 1544 Omnia
392 1485 459 1559 post
479 1481 590 1544 obitum
610 1481 696 1558 fingit
715 1481 828 1560 majora
848 1484 996 1543 vetustas:

307 1586 404 1665 Majus
425 1586 462 1647 ab
483 1586 633 1663 exsequiis
653 1604 759 1649 nomen
780 1586 812 1646 in
832 1605 883 1646 ora
903 1587 994 1648 venit.

267 1692 345 1752 Nam
365 1689 432 1769 quis
453 1709 529 1769 equo
549 1691 650 1769 pulsas
671 1690 797 1767 abiegno
817 1694 951 1752 nosceret
972 1709 1054 1754 areos
1216 1696 1257 1756 25

307 1793 504 1877 Fluminaque
524 1794 687 1856 Haemonio
708 1793 839 1855 eominus
860 1793 920 1854 isse
940 1793 1019 1872 viro,

268 1896 390 1958 Idaeum
411 1894 561 1958 Simoenta
581 1897 664 1957 Jovis
685 1915 751 1958 oum
771 1897 853 1974 prole
875 1894 1068 1974 Scamandro,

305 2001 434 2061 Heotora
454 2004 500 2060 ter
519 2016 654 2080 campos,
676 2004 722 2062 ter
741 1996 905 2062 ¹maculasse
926 2004 1023 2078 rotas,

266 2103 526 2182 Deiphobumque,
544 2104 765 2182 Helenumque,
783 2108 813 2164 et
830 2103 1059 2180 Polydamantas
1076 2104 1109 2163 in
1124 2105 1251 2166 armis?

306 2205 556 2282 Qualemenmque
576 2206 667 2265 Parin
687 2206 739 2266 vix
760 2223 814 2267 sua
833 2209 934 2267 nosset
954 2205 1069 2267 humus.
1211 2209 1254 2269 30

266 2310 384 2386 Exiguo
404 2326 537 2370 sermone
558 2309 635 2370 fores
655 2327 750 2389 nune,
772 2310 863 2390 Ilion,
885 2314 915 2371 et
935 2313 967 2370 tu

306 2411 414 2490 Troja,
436 2411 481 2473 bis
501 2410 606 2474 Oetaei
627 2413 746 2474 numine
767 2417 854 2491 eapta
874 2413 933 2476 dei.

266 2517 330 2578 Nee
350 2534 409 2576 non
428 2516 480 2576 ille
500 2518 544 2577 tui
564 2536 649 2579 ossus
670 2524 845 2580 memorator
865 2520 1009 2581 Homerus

306 2619 483 2681 Posteritate
505 2638 590 2682 suum
610 2639 742 2683 erescere
763 2622 858 2684 sensit
877 2641 959 2700 opus.
1310 2693 1311 2718 χ

266 2722 373 2798 illeque
394 2723 472 2783 inter
492 2742 572 2785 seros
593 2724 727 2786 laudabit
747 2725 842 2787 Roma
861 2729 997 2803 nepotes:
1212 2728 1251 2788 35

308 2825 395 2886 Illum
415 2831 483 2904 post
503 2827 616 2889 eineres
637 2846 763 2904 auguror
783 2829 847 2907 ipse
868 2829 956 2890 diem

267 2929 314 2989 Ne
335 2947 402 2990 mea
421 2934 587 3008 eontempto
607 2931 684 3008 lapis
705 2931 817 2993 indioet
837 2950 904 2993 ossa
924 2933 1074 3009 sepulcro,

305 3031 459 3094 Pnovisnm
479 3038 526 3094 est
545 3033 639 3110 Lyoio
659 3037 729 3094 vota
749 3034 891 3111 probante
912 3033 976 3096 deo.

265 3133 411 3196 Carminis
432 3135 546 3197 interea
565 3136 657 3197 nostri
677 3137 832 3199 redeamus
852 3138 883 3198 in
904 3137 1019 3218 orbem3

304 3238 442 3300 Gaudeat
461 3242 494 3299 nt
514 3239 600 3300 solito
621 3244 701 3300 taeta
720 3241 821 3318 puella
841 3259 921 3304 sono.
1207 3248 1248 3306 40

266 3342 385 3419 Orphea
404 3341 546 3403 delinisse
566 3341 644 3404 feras
665 3346 695 3404 et
716 3344 830 3406 eonoita
850 3344 952 3406 dieunt

303 3445 441 3505 Flumina
462 3443 604 3506 ThreioIa
624 3445 785 3506 detinuisse
806 3447 889 3523 lyra:

264 3546 344 3607 Saxa
364 3545 548 3608 Cithaeronis
569 3546 689 3608 'l'hebas
711 3548 823 3626 agitata
843 3566 896 3626 per
916 3552 1008 3610 artem

302 3648 411 3728 Sponte
432 3669 486 3712 sna
506 3649 537 3710 in
558 3651 633 3712 muri
654 3652 784 3713 membra
803 3652 898 3714 eoisse
918 3651 1031 3714 feumt:

1309 2063 1311 2130 l
