2642 4396
567 350 623 410 147

90 521 262 588 pertinentis,
285 523 323 574 vel
344 523 473 576 1161111161
492 525 569 576 torma
590 523 665 574 oeulis
686 522 782 588 subjiait
797 523 867 574 modo
883 522 1019 586 1161611661,
1037 527 1106 579 modo

89 603 226 654 fabulosas
248 605 399 656 narrationes.
434 607 527 674 Raptus
552 606 631 673 Hylae
653 605 682 656 ad
705 606 751 656 hoe
772 622 859 658 novum
882 607 1012 658 onmium
1032 625 1105 674 geum

90 687 224 753 pertinet;
240 688 327 740 ideireo
344 689 403 738 mihi
419 704 554 758 persuasum
572 693 621 748 est,
639 687 737 754 elegiam
751 687 777 737 in
793 687 899 739 Tertium
912 688 1011 742 Librum
1024 692 1105 742 tradu-

91 770 206 820 cendam
222 786 279 820 esse.

159 936 228 999 Hoo
246 957 300 1016 pro
319 939 456 1001 eontinuo
475 942 521 1017 ts,
543 937 647 1017 Galle,
668 953 821 998 monemus
842 953 957 1017 amore,

202 1040 239 1101 ld
258 1041 315 1102 tibi
334 1059 372 1102 ne
392 1059 487 1106 vacuo
506 1041 618 1104 defluat
638 1060 677 1103 ex
697 1042 815 1102 animor

163 1140 261 1220 Saepe
281 1143 459 1221 imprudenti
479 1144 596 1206 16111116
616 1146 742 1207 ooourrit
762 1145 884 1208 amanti.

203 1245 339 1309 Crudelis
359 1248 469 1325 Minyis
489 1249 599 1310 dixerit
618 1249 776 1311 Asoanius.

159 1349 218 1410 Est
237 1351 293 1412 tibi
313 1370 371 1412 non
392 1351 468 1412 infra
488 1353 632 1432 speeiem,
653 1371 712 1414 non
732 1353 850 1415 nomine
871 1351 989 1432 dispar,
1117 1352 1136 1412 5

202 1453 439 1516 Thiodamanteo
458 1456 609 1534 proximus
630 1456 716 1516 ardor
735 1455 854 1532 Hylae:

159 1557 249 1618 Hune
269 1562 317 1638 tu,
339 1559 403 1620 sive
422 1559 506 1636 leges
525 1558 681 1619 umbrosae
701 1558 823 1618 flumina
844 1557 942 1638 Silae,

202 1659 273 1721 Sive
293 1660 410 1722 Aniena
429 1666 495 1722 tuos
514 1661 638 1722 tinxerit
658 1660 739 1721 unda
758 1660 867 1740 pedet,

159 1761 233 1825 Sive
254 1764 401 1842 Gigantea
420 1765 589 1843 spatiabere
608 1765 704 1825 litoris
725 1783 794 1843 ora,

201 1866 271 1929 Sive
291 1869 467 1947 ubioumque
486 1887 563 1946 vago
583 1869 713 1929 fluminis
733 1867 878 1948 hospitio:

157 1970 367 2048 Nympharum
387 1990 504 2050 semper
522 1973 639 2050 eupidis
659 1971 785 2033 defende
805 1971 935 2049 rapinisr

201 2075 269 2136 Non
288 2075 382 2136 minor
401 2075 542 2137 Ausoniis
563 2079 608 2136 est
629 2093 711 2136 amor
730 2075 904 2151 Hydriasin.

157 2177 209 2240 Ne
228 2178 285 2239 tibi
305 2180 345 2240 sit
366 2179 482 2260 (durum
492 2180 513 2261 1)
534 2184 648 2240 montes
669 2184 699 2240 et
718 2178 828 2256 frigida
847 2195 936 2257 saxa,

203 2280 306 2362 Galle,
326 2301 422 2361 neque
443 2288 581 2362 expertos
602 2301 719 2362 semper
739 2283 822 2343 adire
842 2283 941 2343 laous:

159 2383 246 2460 Quae
266 2387 356 2448 miser
376 2388 485 2464 ignotis
506 2406 586 2450 error
604 2404 763 2466 perpessus
784 2387 816 2447 111
835 2387 895 2447 oris

200 2489 338 2551 Herculis
358 2491 499 2552 indomito
518 2491 642 2553 fleverat
661 2491 801 2552 Asoauio.

158 2594 297 2671 Namque
316 2594 415 2655 ferunt
434 2595 505 2655 olim
524 2596 659 2671 Pagasae
679 2595 836 2656 navalibus
856 2593 938 2672 Ar30

200 2699 359 2775 Egressam
379 2699 467 2775 longe
487 2699 632 2760 Phasidos
653 2700 713 2760 isse
734 2701 830 2779 viam,

158 2799 202 2860 Et
216 2799 281 2878 jam
301 2802 470 2878 praeteritis
490 2802 639 2863 labentem
660 2799 888 2862 Athamantidos
907 2799 995 2860 undis

200 2905 351 2982 Mysorum
371 2908 499 2985 seopulis
520 2907 700 2984 adpliouisse
720 2909 825 2966 ratem.

160 3006 219 3069 Hie
238 3027 343 3070 manus
363 3009 485 3070 heroum
505 3010 632 3088 plaoidis
651 3014 686 3069 ut
705 3009 836 3069 6611611111
855 3006 930 3086 6116,

202 3111 306 3172 Mollia
326 3113 488 3190 composita
508 3113 596 3173 litora
615 3111 718 3172 froude
737 3111 823 3190 tegit.

161 3212 203 3274 nt
223 3233 320 3276 eomes
340 3215 443 3274 invieti
459 3215 579 3292 juvenis
599 3217 781 3292 processerat
800 3213 879 3274 ultra

202 3319 312 3380 Raram
333 3319 456 3396 sepositi
477 3337 618 3396 quaerere
639 3318 728 3379 fontis
749 3333 865 3394 aquam.
932 3383 934 3389 ,

160 3421 248 3482 Hune
269 3422 327 3483 duo
348 3424 453 3483 seotati
473 3421 594 3501 1161166,
615 3421 775 3499 Aquilonia
794 3419 909 3498 proles,

202 3526 288 3588 Hune
308 3545 396 3604 super
417 3530 447 3586 et
468 3527 570 3606 Zetes,
591 3525 670 3587 huno
690 3543 779 3604 super
799 3528 829 3586 et
849 3521 964 3602 Calais,

162 3629 271 3692 Oseula
292 3632 442 3708 suspensis
463 3632 616 3693 instabant
635 3648 757 3708 carpere
775 3629 899 3708 palmis,

203 3732 312 3795 Oseula
333 3738 364 3794 et
384 3735 498 3796 alterna
517 3734 593 3796 ferre
614 3734 721 3811 supina
740 3731 820 3810 iuga.
