2624 4398
187 510 227 560 10.
260 509 334 560 Jaret
350 507 425 559 codd.
442 523 529 560 omnes.
548 474 701 559 Insidientem
718 507 779 559 enim
793 507 905 560 describit
921 523 1038 570 emron,
1055 507 1098 575 qui
1110 508 1263 576 audesne-it,
1308 539 1309 546 κ

151 591 200 642 tuti
215 608 286 658 qaam
303 591 420 642 cemimus
437 591 534 642 tostam.

186 681 226 732 15.
259 683 349 732 Evolat
365 699 378 733 e
394 687 475 732 aestro
493 682 566 732 Oodd.
584 684 693 733 Muretus
710 681 814 749 reposuit
830 683 884 733 keu.

187 772 228 822 18.
263 774 293 823 In
311 775 386 839 Neap.
404 774 431 824 a·
441 792 504 840 puer
521 780 569 835 est,
586 775 636 825 alio
653 774 730 825 traice
744 776 826 840 puella
842 779 892 824 tao.

187 862 228 911 23.
262 865 339 929 Neep.
363 865 409 920 Qui
429 870 516 930 capa&
542 865 581 915 sed
603 866 677 915 Gron.
702 866 768 920 Quae
784 870 863 930 eaput.
886 863 974 913 Deinde
990 863 1014 912 in
1031 880 1055 913 r.
1072 863 1107 911 24
1125 865 1209 929 Neep.
1227 863 1263 912 Et

153 949 238 1002 casseu
264 946 338 997 Gron.
362 948 399 996 Et
423 948 498 998 eant.
524 946 678 1013 Neepolitunu
703 946 820 1013 scriptura
842 945 986 1013 implicatam
1008 945 1085 996 reddit
1107 945 1263 1004 orationem,

154 1024 306 1091 Groniogana
321 1028 440 1081 fluentem.

497 1261 776 1330 ELEGIA
821 1263 911 1329 XIV.

444 1435 662 1485 SOMNUJM
691 1434 969 1482 MUFMGU.

374 1570 459 1633 (codd.
477 1570 524 1630 26,
541 1571 625 1620 Burm.
643 1570 689 1630 20,
708 1569 750 1628 II;
767 1569 888 1619 Luohmun
906 1569 952 1628 19,
971 1569 1033 1628 ΙΙΙ.)

275 1723 347 1784 Vidi
366 1726 397 1783 te
417 1721 449 1781 in
469 1720 579 1782 somnis
600 1720 710 1799 fracta,
730 1737 798 1781 mea
818 1720 897 1799 vita,
919 1719 1021 1780 carina

315 1825 398 1886 Ionio
418 1825 514 1885 lassas
536 1824 643 1886 ducere
665 1841 729 1884 rore
751 1840 873 1902 manus3

275 1929 316 1988 Et
335 1945 537 2005 quaecumque
559 1929 590 1987 in
610 1946 657 1989 me
678 1926 776 1988 fueras
797 1927 923 1988 mentita
943 1926 1045 2005 fateri,

316 2034 380 2093 Nec
395 2032 460 2110 jam
480 2031 601 2092 humore
621 2049 727 2108 graves
747 2031 851 2092 tollere
872 2047 960 2109 posse
980 2048 1095 2109 comas,

276 2119 407 2211 Qualem*
421 2135 579 2215 purpureis
600 2135 743 2212 agitatam
764 2133 902 2196 fluctibus
923 2135 1047 2214 Hellen,
1247 2139 1266 2197 5

317 2239 418 2302 Aurea
437 2258 526 2318 quam
546 2239 629 2301 molli
649 2243 766 2317 tergore
787 2239 870 2300 vexit
890 2239 963 2300 ovis.

277 2342 373 2418 Quam
393 2344 479 2406 timui
499 2362 537 2405 ne
558 2343 632 2404 forte
653 2348 736 2404 tuum
756 2361 839 2404 mare
859 2361 965 2404 nomen
985 2342 1126 2424 haberet,

317 2446 421 2523 Teque
441 2449 494 2507 tna
514 2445 618 2506 labens
639 2446 742 2507 navita
761 2445 846 2507 fleret
866 2447 961 2522 aqua!

278 2548 362 2623 Quae
382 2552 445 2609 tum
465 2567 520 2625 ego
539 2549 695 2627 Neptumo,
716 2565 792 2624 quae
814 2551 876 2608 tum
897 2566 963 2610 cum
983 2546 1106 2609 Castore
1127 2546 1235 2629 tratri,

318 2649 460 2728 Quaeque
481 2651 536 2712 tibi
557 2652 661 2729 excepi
681 2655 760 2730 tum,
781 2651 848 2714 Dea
868 2651 1050 2713 Leucothoe!
1228 2657 1268 2715 10

279 2753 365 2829 Quod
385 2754 412 2814 si
431 2753 507 2815 forto
529 2758 593 2814 tuos
614 2754 740 2815 vidisset
760 2753 891 2815 Glaucus
912 2755 1036 2834 ocellos,

320 2857 410 2918 Esses
432 2857 508 2919 Ionii
527 2857 606 2918 faeta
625 2859 726 2936 puella
746 2859 852 2939 maris3

279 2961 319 3021 nt
340 2960 396 3021 tibi
417 2960 454 3021 ob
475 2960 617 3021 invidiam
638 2961 783 3022 Nereides
804 2961 1030 3040 increpitarent,

318 3061 454 3126 Candida
473 3065 599 3145 Nisaee,
622 3066 722 3126 semla
743 3064 915 3142 Cymothoe.

277 3166 318 3228 At
338 3170 388 3245 tu,
409 3167 461 3227 vix
481 3167 591 3245 primas
613 3169 756 3229 extollens
778 3168 896 3245 gurgite
916 3168 1051 3245 palmas,
1229 3171 1267 3231 15

320 3268 416 3347 Saepe
436 3286 534 3332 meum
554 3287 661 3331 nomen
677 3270 740 3347 jam
762 3271 894 3348 peritura
915 3288 1013 3330 vocas.

276 3372 404 3448 Jamque
427 3389 480 3448 ego
502 3373 629 3433 conabar
649 3391 762 3434 summo
782 3392 829 3435 me
849 3373 968 3433 mittere
989 3391 1078 3452 saxo,

318 3474 392 3536 (lum
413 3474 487 3535 mihi
509 3476 649 3537 discussit
670 3476 744 3536 talia
765 3476 832 3536 visa
853 3479 957 3537 metus.

209 3645 234 3695 8.
269 3645 342 3696 eone.
360 3650 430 3712 atque
447 3651 498 3698 tua.
533 3647 704 3714 Hertzbergius
721 3648 852 3698 emendarit
874 3649 948 3714 Teque
964 3653 1020 3707 tac,
1042 3665 1139 3700 monens
1157 3651 1262 3720 Proper·

160 3729 222 3781 tium
239 3728 310 3780 semel
326 3731 419 3780 tentum
436 3729 541 3797 posuisse
558 3730 744 3794 conjunctionem
761 3735 833 3797 atque
849 3733 903 3782 unte
919 3733 1098 3796 consonantem,
1115 3732 1189 3800 idque
1205 3735 1261 3787 inV
