2640 4400
169 377 275 424 unu

166 535 337 612 nullumque
356 530 458 594 debita
471 530 577 610 prioris
591 531 769 593 inventionis
784 530 874 593 laude
895 531 991 594 sciens
1010 531 1155 594 fraudavi.
1180 531 1268 596 Loca

166 637 242 698 inira
266 637 382 698 solitam
408 635 585 711 elegantiam
611 635 660 696 vel
688 635 817 695 numeris
844 635 991 712 asperiora
1010 653 1068 697 non
1088 637 1267 716 sollicitavi,

165 742 236 818 qnia
260 740 369 802 talibus
389 738 567 815 indulgendo
587 739 778 800 mutationum
798 738 883 815 copia
902 739 982 800 nullo
1001 739 1095 800 limite
1112 757 1267 802 coercere-

164 849 221 906 tur.
247 841 508 904 Emendationibus
525 840 681 902 lectionem
698 840 888 917 Neapolitani
903 844 934 900 et
949 839 1131 918 Groningani
1147 842 1266 920 adjeci3

164 934 364 1009 vexatissimis
381 949 411 1008 et
426 944 488 1004 fero
504 943 669 1022 desperatis
678 943 812 1006 versibus
822 943 921 1004 varias
931 948 1110 1006 caeterorum
1119 943 1267 1008 (lodicum

165 1050 305 1111 lectiones
325 1052 356 1110 et
375 1048 524 1108 doctorum
544 1046 694 1108 molimina
714 1046 824 1108 addidi.

205 1153 316 1215 Versus
336 1151 507 1214 subditicios
527 1151 559 1211 in
579 1151 730 1229 Propertio
762 1151 865 1212 itidem
895 1155 983 1228 atque
1011 1152 1042 1213 in
1066 1152 1134 1214 aliis
1159 1153 1268 1231 latinis

168 1273 257 1334 saepe
287 1258 471 1317 occurrentes
496 1271 512 1314 c
541 1258 679 1314 contextu
704 1255 735 1313 in
762 1259 846 1315 notas
873 1255 1019 1315 manetuli.
1060 1253 1143 1330 Quae
1171 1257 1266 1318 iuter·

166 1361 328 1440 polationes
357 1359 389 1418 in
418 1359 527 1418 Nostro
557 1357 641 1433 ipsae
672 1375 705 1418 se
735 1357 920 1437 denuntiant,
953 1357 1154 1435 ineptissimae
1182 1362 1267 1420 enim

167 1468 250 1542 snut,
278 1467 309 1523 et
329 1464 472 1522 centones
497 1477 556 1521 non
577 1478 595 1518 a
616 1459 756 1520 Romanis
777 1458 997 1539 Grammaticis,
1018 1462 1103 1524 utin
1123 1462 1268 1543 Horatio,

168 1566 221 1627 sed
241 1565 279 1624 ab
299 1562 462 1625 hordeariis
483 1560 729 1622 versificatoribus
750 1561 902 1623 crassioris
922 1563 989 1622 aevi
1009 1562 1153 1624 fabricati.

207 1667 429 1729 Enarrationem
460 1664 680 1741 Propertianam
712 1683 770 1725 non
799 1662 942 1743 adsumsi,
968 1664 1069 1741 itaquo
1093 1664 1270 1728 obscuriora

167 1789 286 1851 perraro
301 1769 460 1846 illustravi,
477 1771 507 1828 et
523 1771 592 1827 tunc
608 1771 721 1826 tantum
739 1785 804 1828 cum
823 1786 841 1827 a
858 1768 1002 1829 communi
1017 1773 1135 1846 recepta
1145 1775 1268 1832 senten·

167 1875 211 1934 tia
230 1871 432 1948 recessissem,
447 1870 497 1931 vel
506 1886 596 1947 quum
611 1869 786 1946 interpretes
801 1869 951 1946 graviores
966 1869 997 1930 in
1013 1869 1147 1931 diversas
1160 1875 1269 1948 partes

168 1977 291 2038 abirent.

209 2079 474 2157 Interpuuctionem
495 2077 526 2138 in
545 2075 629 2137 MSS.
651 2082 681 2138 et
700 2076 850 2138 veteribus
875 2075 1051 2138 editionibus
1072 2075 1112 2136 ad
1133 2080 1268 2140 aetatem

169 2200 262 2260 nsque
281 2186 409 2242 nostram
430 2182 511 2242 nulla
531 2181 675 2242 constanti
691 2181 794 2258 regula
810 2180 989 2242 moderatam
1004 2197 1042 2240 ex
1058 2180 1175 2257 ingenio
1193 2199 1267 2243 oon-

170 2285 265 2364 stitui,
286 2289 402 2346 secubrs
423 2289 522 2345 tamon
542 2285 733 2346 recentiorum
754 2283 889 2360 vestigia
929 2283 1091 2358 Legentem
1107 2285 1268 2365 admonui,

170 2389 284 2466 quoties
319 2387 513 2465 interpunctio
543 2406 609 2449 mea
641 2388 779 2464 vulgatae
810 2385 944 2447 lectionis
971 2387 1146 2447 seutentiam
1178 2387 1269 2450 inno-

170 2494 263 2552 varet
295 2487 424 2566 Singulis
444 2490 536 2566 elegis
553 2490 653 2550 titulos
668 2488 809 2568 praefixi,
831 2507 890 2550 non
910 2488 1095 2565 aPropertio
1109 2507 1205 2567 neque
1223 2493 1270 2554 ab

172 2593 300 2670 antiquis
316 2592 521 2654 Grammaticis
536 2593 684 2672 inventos,
702 2593 755 2654 scd
770 2592 808 2654 ab
823 2592 922 2670 Italis,
941 2592 1051 2671 opinor,
1069 2593 1179 2655 saeculi
1194 2593 1269 2656 XV.
1316 2595 1317 2646 l

171 2697 334 2760 Nonnullos
353 2695 473 2758 mutavi.
1316 2669 1317 2701 ¹

690 2847 746 2913 IV.

292 2995 347 3044 Ml
366 2994 523 3052 Quamne
542 2993 666 3043 nunno
686 2992 1138 3043 Psnunol’nou’nnrlnno.

214 3109 334 3170 Praeter
361 3108 516 3186 Cpatbimu
543 3112 573 3169 et
600 3108 764 3170 Corneliam
791 3108 866 3169 nihil
891 3109 1043 3188 Propertio
1069 3127 1135 3171 esse
1161 3125 1264 3171 conce-
1315 3159 1316 3168 ,

174 3209 301 3273 dandum
318 3209 380 3272 dixi
394 3216 424 3272 et
442 3211 518 3275 falso
539 3211 680 3287 Quartum
697 3214 805 3274 librum
820 3215 858 3274 ad
874 3231 940 3275 eum
955 3213 1066 3276 reterri.
1096 3213 1265 3290 Antequam

175 3320 346 3392 argumenta
370 3317 522 3395 subjiciam
547 3335 564 3378 e
585 3318 762 3380 carminibus
783 3319 941 3396 suppositis
961 3318 1148 3398 deprompta,
1168 3336 1267 3395 pauca

175 3417 297 3478 monebo
317 3418 354 3478 de
375 3419 507 3496 epicedio
527 3418 680 3480 Corneliae
700 3420 769 3482 huic
789 3437 903 3499 qnoque
923 3421 998 3482 libro
1018 3421 1136 3481 inserto.
1156 3419 1266 3496 Elegia

176 3537 235 3596 qua
254 3538 389 3598 suprema
409 3522 577 3585 Scriboniae
597 3523 675 3586 filiae
692 3524 849 3604 deflentur,
866 3527 1262 3586 maturumconsummatnm-

176 3640 233 3702 quc
253 3630 368 3701 poetam
388 3625 497 3706 prodit3
530 3627 643 3689 mollior
663 3645 799 3690 versuum
819 3631 978 3706 suucbna,
1000 3627 1141 3689 excultior
1159 3631 1261 3704 penta·

176 3725 262 3788 metri
277 3726 407 3790 incessus
422 3728 613 3792 elimatiorem
631 3735 724 3794 artem
738 3730 878 3812 fatentur,
889 3733 973 3811 cujus
982 3736 1081 3794 tamen
1090 3730 1121 3792 iu
1130 3729 1261 3792 Murem
