2642 4396
698 371 761 431 204

305 541 438 619 Cumque
457 559 546 620 snper
564 561 646 605 raros
666 543 745 604 foedi
763 543 940 606 flammantis
960 563 1080 608 acervos

345 646 473 724 Trajicit
492 647 656 709 immundos
677 648 760 710 ebria
779 649 867 710 turba
885 649 986 727 pedes.

307 751 449 812 Romulus
470 751 610 813 excubias
630 751 762 812 decrevit
782 750 814 812 in
834 751 895 814 otia
914 754 1006 831 solvi,
1239 755 1269 815 75

231 841 235 850 ’
345 853 444 932 Atque
465 855 634 916 intermissa
655 859 752 916 castra
771 856 860 916 silere
880 857 962 918 tuba.

304 957 368 1019 Hoc
388 957 520 1035 Tarpeja
539 976 625 1018 suum
645 963 761 1036 tempus
781 941 862 1038 rata,
884 961 1020 1022 convenit
1039 960 1173 1040 hostem

342 1061 435 1122 Pacta
455 1061 544 1140 ligat,
565 1061 661 1138 pactis
681 1062 747 1139 ipsa
766 1061 866 1122 futura
885 1080 991 1124 comes.

302 1159 386 1224 hicne
407 1168 471 1224 erat
491 1182 646 1244 ascensus,
667 1165 793 1243 dapibus
813 1165 946 1243 festoque
966 1167 1123 1228 remissus:
1247 1235 1250 1242 ,

342 1267 406 1328 Nee
425 1287 521 1348 mora,
542 1271 658 1330 vocales
679 1274 801 1347 occupat
820 1289 890 1331 ense
911 1289 1009 1332 canes.
1237 1273 1270 1331 80

303 1370 410 1432 Omnia
428 1372 611 1447 praebebant
630 1390 763 1434 somnos:
783 1373 837 1434 sed
857 1374 994 1452 Juppiter
1012 1391 1089 1435 unus

341 1473 481 1534 Decrevit
500 1476 603 1553 poenis
623 1476 779 1553 invigilare
799 1477 870 1537 suis.

302 1574 360 1635 illa
379 1576 451 1656 ruit,
472 1578 568 1654 qualis
588 1580 714 1639 celerem
734 1597 825 1656 prope
846 1577 1065 1641 Thermodonta

343 1679 506 1756 Strymonis
527 1683 658 1743 abscisso
677 1687 781 1760 pectus
801 1688 906 1760 aperta
926 1684 1008 1744 sinu:

303 1783 478 1845 Prodiderat
496 1789 659 1862 portaeque
679 1785 782 1866 tidem,
804 1786 989 1863 patriamque
1005 1786 1172 1867 jacentem,
1238 1789 1269 1848 85

340 1889 538 1965 Nubendique
557 1891 648 1969 petit,
670 1908 757 1968 quem
778 1891 851 1952 velit
871 1891 952 1968 ipse,
973 1891 1060 1950 diem.

302 1991 344 2052 nt
365 1993 471 2053 Tatius
493 1993 603 2074 (neque
624 1994 702 2054 enim
722 1995 826 2055 sceleri
847 1995 930 2055 dedit
949 1993 1042 2055 hostis
1061 1993 1215 2076 honorem)

345 2140 359 2169 „
372 2094 474 2176 Nube,
497 2095 581 2176 (ait,)
604 2100 633 2157 et
654 2098 739 2174 regni
759 2098 867 2159 scande
888 2100 985 2160 cubile
1005 2099 1099 2158 mei.”

301 2199 401 2278 Dixit,
423 2204 453 2261 et
473 2201 597 2276 ingestis
617 2201 754 2262 comitum
775 2203 959 2279 superobruit
979 2203 1077 2263 armis.

341 2302 440 2381 Haec,
462 2303 561 2382 virgo,
582 2302 686 2364 officiis
708 2304 760 2365 dos
781 2309 845 2366 erat
865 2310 936 2383 apta
954 2307 1024 2366 tuis.

301 2404 329 2465 A
349 2422 421 2466 nece
443 2404 589 2482 Terpejae
609 2423 692 2467 mons
713 2410 759 2466 est
779 2425 939 2484 cognomen
958 2408 1083 2486 adeptus

341 2504 367 2569 0
387 2503 484 2588 virgo,
506 2507 633 2585 injustae
653 2509 785 2586 praemia
805 2511 891 2571 sortis
912 2508 1013 2572 habes.

231 2667 255 2716 3.
290 2667 363 2715 Gron
387 2669 411 2714 et
433 2666 507 2731 Neup.
530 2665 639 2716 conditae
662 2671 748 2726 antro,·
771 2668 816 2718 dno
838 2667 946 2718 Vaticani
969 2671 993 2718 et
1009 2668 1147 2718 Gelotianm
1163 2670 1268 2720 comto.

181 2752 215 2799 At
235 2749 292 2816 quid
313 2748 358 2798 sibi
380 2746 432 2798 vult
456 2748 542 2798 lucus
565 2748 671 2798 conditus
692 2749 731 2799 vel
753 2749 884 2800 consitus‘
877 2766 902 2800 ιιι
924 2753 992 2801 antro
1009 2751 1047 2800 vel
1063 2752 1126 2818 apud
1142 2756 1250 2802 antrum
1258 2755 1267 2798 i

180 2835 276 2898 Repono
293 2832 406 2882 eominus.

215 2923 255 2972 15.
289 2921 506 2989 Inter-punctionem
528 2923 630 2982 mutavi,
654 2925 681 2972 ut
708 2923 848 2989 Tarpej'a
829 2925 860 2973 snt
877 2922 1007 2986 subjectum
1022 2923 1089 2974 verbi
1103 2924 1166 2973 vidit
1180 2922 1266 2974 distichi

180 3004 347 3070 subsequentis.
373 3005 470 3055 Libooit
488 3005 574 3055 cnud:
592 3021 607 3054 a
623 3005 759 3066 Fonteium,
777 3005 821 3054 nisi
839 3007 951 3058 memoria
964 3005 1266 3072 metdhtreeepizicarat.

215 3095 254 3144 16.
288 3095 336 3145 Hic
354 3096 427 3146 Codd.
444 3096 542 3146 addunt:

429 3179 461 3228 ut
478 3179 533 3228 satis
550 3193 596 3227 una
612 3177 685 3227 mulne
701 3177 780 3244 potuit
796 3194 860 3228 mors
877 3195 926 3228 esse
941 3177 1048 3244 puellae,

462 3261 528 3325 Quae
543 3260 618 3310 voluit
633 3260 739 3310 flammas
754 3261 847 3320 fallere,
865 3261 950 3320 Vesta,
967 3263 1037 3310 bras?

180 3342 343 3393 Brouhhusius
363 3345 387 3392 et
405 3341 554 3392 Burmannus
570 3343 709 3403 distichum,
732 3343 794 3408 qnod
820 3343 948 3393 orationem
963 3345 1070 3401 truncat,
1094 3345 1149 3392 ante
1164 3341 1263 3391 ultimum

180 3425 290 3476 carminis
312 3423 490 3474 transtulerunt.
519 3424 595 3484 used,
616 3425 692 3488 inquit
710 3425 887 3485 Lachmannnt,
906 3441 1050 3490 quocumque
1065 3424 1117 3474 loeo
1134 3427 1263 3491 reponetur,

180 3523 254 3574 prava
271 3507 385 3556 sententia
402 3511 450 3565 est,
473 3506 522 3556 sive
538 3506 651 3572 Turpejae
665 3506 754 3570 judicio
771 3523 811 3556 seu
828 3522 869 3556 suo
886 3507 941 3556 huic
957 3507 1081 3558 sceleratae
1097 3508 1185 3574 puellae
1201 3521 1263 3555 unum

180 3593 281 3640 mortem
298 3590 354 3638 sutis
370 3589 441 3638 fuisse
457 3591 553 3654 negate
582 3589 692 3655 Spurium
706 3589 792 3653 judico.

213 3681 254 3728 21.
290 3678 371 3744 Codd.¹
389 3680 462 3745 Saepe
487 3679 540 3728 illa.
568 3678 703 3728 Fonteinins
728 3679 844 3729 conexit:
870 3694 939 3744 caepe
963 3678 1026 3729 bodo.
1062 3679 1150 3730 Omina
1173 3677 1263 3733 hm,

179 3777 276 3812 somma.
