2642 4396
587 369 646 434 165

187 543 324 606 Flamma
343 561 397 622 per
417 545 552 606 mesmes
571 545 659 608 eitius
680 545 800 608 sedetur
820 545 945 626 aristas,
1144 545 1165 608 5

225 645 423 722 Fluminaque
443 647 483 707 ad
502 646 591 708 fontis
611 647 673 708 sint
692 647 824 712 reditura
842 650 949 727 caput,

184 748 225 810 Et
244 747 393 825 placidum
413 747 517 825 Syrtes
537 753 653 830 portum
674 755 705 811 et
724 751 803 813 bona
822 750 911 814 litora
930 751 1029 814 nautis

223 851 371 913 Praebeat
390 850 519 929 hospitio
538 869 629 915 saeva
649 853 748 916 Malea
768 872 841 934 suo,

184 953 282 1030 Quam
301 954 395 1032 possit
415 957 528 1016 vestm
549 955 707 1032 quisquam
727 954 944 1033 reprehendere
964 971 1082 1038 curam,

222 1057 263 1119 st
282 1057 405 1120 rabidae
425 1057 560 1119 stimulos
580 1057 717 1135 frangere
737 1057 899 1136 nequitiae.
1123 1063 1163 1124 io

183 1159 301 1240 Testis,
320 1157 440 1221 Grotaei
459 1158 554 1222 fastus
574 1177 652 1237 quae
672 1177 763 1238 passa
777 1161 917 1242 juvenci,

222 1261 323 1324 Induit
342 1263 487 1341 abiegnae
507 1281 616 1326 cernua
635 1263 714 1326 falsa
732 1265 839 1346 bovis3

182 1365 285 1428 'l’estis
304 1364 480 1428 Thessalico
499 1366 629 1444 flagrans
650 1367 798 1429 Salmonis
818 1365 949 1449 Enipeo,

221 1466 306 1544 Quae
327 1469 421 1531 voluit
440 1469 555 1546 liquido
573 1473 636 1531 tota
656 1469 757 1532 subire
778 1469 844 1532 deo.

179 1570 300 1634 Grimen
320 1575 351 1633 st
371 1571 425 1632 illa
443 1571 515 1652 fuit,
536 1573 636 1651 patnia
656 1591 799 1636 suscense
819 1578 939 1637 senecta
1119 1578 1158 1641 15

220 1674 343 1737 Arboris
363 1674 534 1737 infrendes
554 1675 674 1738 condita
692 1676 817 1754 Myrrha
836 1695 942 1742 novae.

180 1779 260 1841 Nam
278 1777 352 1855 quid
370 1777 495 1840 Medeae
516 1778 659 1860 referam,
680 1797 739 1856 quo
759 1783 892 1859 tempore
911 1782 1015 1846 matris

219 1883 300 1944 Iram
318 1887 454 1944 natorum
475 1882 567 1944 caede
586 1883 683 1961 piavit
702 1881 819 1945 Amor?

182 1985 299 2063 Quidve
320 1985 594 2065 Clytaemestrae,
613 1990 734 2064 propter
753 2005 843 2065 qnam
863 1993 925 2052 tota
944 1989 1078 2069 Mycenis

219 2087 341 2152 Manis
360 2093 462 2167 stupro
482 2093 544 2151 stat
563 2090 694 2168 Pelopea
714 2089 841 2152 domus?
1115 2091 1155 2152 20

179 2193 285 2270 Teque
305 2210 323 2254 ο
342 2192 442 2254 Minoa
461 2191 657 2272 venumdata,
679 2191 797 2271 Scylla,
818 2192 931 2273 flgma,

218 2294 359 2356 Tendens
379 2312 527 2372 punpurea
547 2311 640 2371 regna
659 2298 785 2372 paterna
806 2295 913 2358 coma?

177 2399 264 2461 Hanc
283 2399 373 2476 igitur
394 2398 492 2460 dotem
512 2399 596 2476 virgo
617 2399 814 2477 desponderat
833 2397 938 2460 hostii

216 2502 307 2583 Nise,
327 2505 397 2564 tuas
416 2505 517 2581 portas
537 2503 640 2564 fraude
660 2503 783 2565 reclusit
802 2502 903 2564 Amor.

177 2605 218 2668 At
238 2623 308 2685 vos,
329 2605 484 2685 innuptae,
505 2605 621 2667 felicius
641 2605 718 2667 urite
739 2605 863 2669 taedas:
1114 2602 1153 2665 25

216 2708 331 2771 Pendet
351 2707 476 2770 creusa
494 2713 590 2771 tracta
609 2710 710 2786 puella
729 2714 803 2770 rate.

175 2813 244 2874 Non
263 2815 363 2872 tamen
383 2810 528 2872 inmerito
548 2811 644 2872 Minos
664 2812 748 2873 sedet
768 2811 880 2872 erbiter
899 2809 984 2872 Orci:

215 2915 318 2977 Victor
339 2917 403 2978 erat
423 2915 574 2993 quamvis,
595 2931 708 2992 aequus
729 2915 761 2976 in
781 2913 866 2975 hoste
885 2912 950 2976 fuit.

102 3099 128 3147 9.
162 3097 237 3146 Grou.
255 3099 279 3145 et
296 3097 372 3162 Neap.
390 3095 561 3161 repreheadm
577 3109 679 3152 carm
697 3093 839 3146 Heinsianus
856 3092 990 3160 reprimere.
1016 3089 1151 3142 Fontdnius

51 3177 198 3248 proponebat
214 3177 364 3242 restrinpere.

88 3290 128 3342 15.
164 3291 260 3342 Crimen
276 3291 292 3341 i.
310 3307 330 3341 e.
347 3292 455 3350 infamis,
473 3290 575 3341 scelesta.

87 3404 127 3454 17.
160 3402 386 3468 subintelligendum
403 3407 438 3454 est
454 3406 543 3464 scelus,
560 3403 685 3469 calfacta
701 3403 806 3454 Medeae.
831 3402 894 3452 Item
910 3401 936 3450 iu
953 3416 975 3450 v.
994 3400 1034 3452 19.

86 3514 127 3564 21.
160 3514 234 3565 codd
251 3518 275 3564 et
291 3515 341 3566 edd.
359 3531 439 3566 omnes
460 3517 539 3582 iisque
555 3531 569 3566 o
585 3516 678 3566 Minoa.
710 3517 762 3582 Ego
779 3519 856 3566 anm
872 3530 919 3580 quo
935 3513 1091 3564 nominativus
1112 3513 1147 3563 iia

53 3597 204 3664 grammatice
216 3598 351 3656 conveniat,
364 3597 443 3647 videre
456 3613 556 3662 nequeo:
574 3597 630 3664 qnid
644 3599 743 3648 rueram
757 3598 845 3649 crimen
856 3597 966 3655 Medese,
985 3595 1041 3661 quid
1058 3594 1145 3646 eumen

54 3681 264 3744 mytaamneera
289 3693 322 3730 su
345 3693 394 3738 no,
417 3695 431 3729 o
453 3680 531 3745 Scylla
553 3695 637 3730 venum
659 3681 720 3733 dats.
744 3710 776 3721 -
799 3681 859 3731 Cum
879 3679 971 3746 Gnyeto
987 3693 1042 3746 crgo
1058 3691 1145 3746 repono

58 3762 145 3832 Teqoa.
183 3764 289 3816 Tendens
305 3778 358 3813 cum
375 3752 459 3814 Misce
476 3761 633 3829 conjungito.
658 3805 665 3815 .
