2624 4398
559 347 597 407 97

21 518 84 570 Her.
102 518 177 580 XIV,
193 533 217 570 v.
235 518 282 577 '13;
299 517 387 582 81193,
405 533 461 583 aye,
477 517 579 580 Belide,
596 520 627 571 de
640 524 677 572 tot
688 521 757 572 mdo
765 520 892 587 fratribus
908 535 985 580 unet,-
1001 523 1026 573 et
1040 521 1127 575 iuven.

24 600 72 661 lv,
91 602 140 652 24:
165 605 193 652 tu
214 599 348 651 teodertus
359 601 445 667 patria
461 602 594 680 qnondam,
613 602 734 669 Crispina,
749 620 848 670 papyro.
865 634 900 644 -
916 606 991 657 (iren.
1008 608 1031 656 et
1047 607 1126 674 Neap.

21 684 85 734 duro
102 686 169 735 laete
173 705 183 743 ,·
200 681 357 734 Mentelienna
374 683 450 733 durae
466 684 543 750 lupae.

56 775 99 825 10.
136 774 210 825 Codri.
226 773 348 840 quodlibet
363 789 412 824 ease
428 775 495 834 lacet,
512 773 550 824 vel
566 774 730 826 auiditatem
746 776 810 828 lieet.
828 775 938 828 Nimium
954 776 1058 828 tumidae
1073 780 1123 830 tre·

22 873 75 923 pne.
112 857 211 924 Optime
232 855 375 906 Sehxadema
397 856 501 907 restitnit
522 857 627 922 quolibet
647 857 684 908 ire
706 858 771 909 lieet.
806 859 837 908 Id
859 861 1006 910 commendet
1026 861 1124 912 ultimus

22 957 119 992 nereum
139 955 298 1006 quaecumque
313 938 361 990 viri
370 938 470 1005 seuam
485 939 558 990 heren
574 945 648 992 auat.
673 940 739 991 Adde
755 940 818 992 Livii
826 941 905 994 loenm
913 959 985 1011 supra
993 943 1123 996 laudatum.

375 1136 652 1206 nnne1n
700 1137 799 1226 xri„

300 1293 353 1341 ΔΙ)
374 1293 576 1346 emmau
596 1293 847 1344 FRAGMENTA.

334 1413 456 1476 (eodan,
473 1416 549 1467 Bnrm
566 1415 595 1476 ὖ,
613 1417 736 1468 Lachne
743 1417 808 1480 ,11.)

144 1560 213 1621 Non
232 1559 274 1620 ita
293 1559 481 1637 eomplebant
499 1558 657 1638 Ephyreae
677 1559 788 1624 Laidos
808 1560 915 1644 aedes,

185 1664 234 1724 hd
254 1663 338 1742 enjue
353 1663 449 1740 januit
469 1660 595 1725 Graecia
614 1667 677 1724 teta
695 1663 790 1745 ioree3

146 1767 249 1830 Turba
266 1765 464 1830 Menandreae
483 1765 579 1828 fuerat
598 1785 653 1829 nee
673 1767 806 1830 Thaidos
829 1770 899 1831 olim

184 1870 299 1950 Tanta,
320 1869 352 1930 in
372 1887 431 1946 qua
450 1871 575 1948 populns
595 1871 666 1932 lneit
685 1853 910 1956 Erichthenine;

143 1974 208 2037 Nee
228 1991 305 2050 quae
326 1971 439 2034 deletae
458 1974 554 2050 potnit
573 1991 746 2051 componere
767 1975 904 2058 Thebas,
1099 1981 1117 2042 5

182 2077 303 2156 Phryne
322 2080 392 2170 tam¹
403 2077 503 2139 multia
522 2076 602 2140 faeta
622 2080 711 2141 beata
730 2078 812 2142 viria.

142 2283 226 2361 Quae
246 2300 349 2346 manne
370 2283 512 2344 obscenas
534 2284 669 2362 depinxit
688 2285 785 2363 prima
805 2285 946 2369 tabellae,

181 2389 222 2450 nt
239 2389 337 2467 poenit
357 2391 439 2448 easta
458 2387 556 2464 turpia
575 2388 642 2448 viee
662 2387 764 2468 domo,

142 2494 197 2556 Ille
217 2494 382 2572 puellarum
402 2492 544 2568 ingenuos
565 2492 693 2570 eonnpit
714 2492 838 2573 ocellos,

180 2596 398 2674 Nequitiaeqne
419 2612 491 2657 suae
512 2596 605 2656 noluit
626 2614 691 2657 esee
712 2577 809 2657 rndee.

130 2679 190 2761 'Ah
211 2703 310 2778 gemat
330 2699 360 2759 in
380 2699 467 2759 terrie
488 2699 547 2760 iata
567 2699 619 2776 qui
639 2701 762 2776 protulit
782 2704 845 2762 arte

179 2803 285 2882 Jurgia
304 2804 359 2864 rub
378 2803 470 2863 taeita
490 2803 608 2865 condita
628 2804 757 2864 laetitia!

139 2909 207 2970 Non
227 2907 293 2967 istie
313 2907 383 2967 olim
405 2905 559 2966 variabant
579 2909 659 2965 tecta
678 2904 796 2981 figuris:

179 3012 258 3074 'an
278 3011 376 3090 paries
395 3011 476 3072 nullo
496 3010 618 3071 crimine
639 3009 735 3086 protus
756 3012 829 3072 erat.

140 3220 188 3282 Me
204 3215 348 3299 juvenum
367 3219 464 3296 pictae
484 3217 595 3296 faeiee,
616 3235 663 3278 me
683 3216 804 3277 numina
823 3216 959 3297 laedunt,
1076 3221 1114 3281 15

179 3325 228 3386 Me
249 3329 331 3385 tener
351 3325 382 3384 in
403 3323 485 3385 cunis
507 3326 537 3383 et
557 3323 621 3383 aine
641 3339 713 3382 voce
733 3338 815 3399 puer.

139 3429 187 3492 hie
208 3428 301 3489 laedit
320 3427 348 3488 ei
367 3428 460 3488 multa
480 3427 536 3488 tibi
556 3425 639 3486 dedit
660 3427 760 3487 osenla
780 3429 890 3505 mater,

179 3533 228 3594 Me
249 3551 329 3594 soror
350 3535 380 3593 et
401 3550 466 3592 eum
487 3548 564 3609 qnae
585 3530 692 3591 dormit
712 3530 809 3590 amica
829 3529 925 3590 simul.

140 3636 246 3698 Omnia
266 3655 314 3697 me
335 3636 472 3698 laedunt:
494 3635 615 3696 timidus
636 3652 702 3695 sum
723 3631 853 3714 (ignoeee
873 3633 984 3718 timori)

179 3739 220 3801 nt
238 3739 329 3802 miser
350 3739 381 3800 in
401 3739 502 3801 tuniea
522 3738 654 3815 suspicor
674 3753 740 3797 eene
760 3737 865 3797 virum.
1075 3738 1115 3798 20

999 3839 1014 3887 'i
