2640 4400
359 533 394 616 S.
426 533 592 616 llURllLll
617 531 835 618 PRdPlllll'll

207 796 974 889 OYNTHIA.

414 1089 563 1148 ulum
589 1089 776 1150 PRIMUS·

37 1343 1059 1378 WVWMWVWMVWVWWWVWWWVMWVMWVVWWVMWB
1065 1349 1140 1364 m

422 1547 699 1618 undula
744 1551 770 1616 I.

477 1705 530 1754 AB
543 1705 708 1754 TULLUM.

305 1827 389 1894 (codd.
406 1828 555 1880 Burmannus
571 1831 594 1878 et
611 1827 787 1887 Lochmannus,
805 1827 834 1887 1,
852 1828 883 1890 1.)

167 1959 298 2039 Cynthia
316 1961 412 2040 prima
432 1961 494 2024 suis
513 1961 653 2022 miserum
673 1977 720 2021 me
740 1960 819 2038 cepit
838 1961 956 2042 ocellis,

207 2063 380 2126 Contactam
399 2065 490 2125 nullis
509 2067 578 2124 ante
599 2063 795 2140 cupidinibus.

166 2167 245 2228 'lium
265 2169 338 2229 mihi
358 2168 518 2230 constantis
538 2168 646 2246 dejecit
665 2169 777 2228 lumina
796 2167 889 2230 fastus

206 2251 251 2330 Et¹
265 2275 354 2349 eaput
373 2271 518 2349 impositis
537 2271 646 2348 pressit
665 2269 756 2332 Amor
775 2255 915 2354 pedibus²

167 2372 269 2435 Donec
288 2391 336 2434 me
356 2373 455 2434 docuit
473 2378 571 2434 castas
591 2372 688 2435 odisse
709 2376 824 2452 puellas
1120 2381 1139 2440 5

205 2477 375 2554 hprobus!
396 2481 427 2537 et
446 2477 526 2537 nullo
547 2477 648 2537 vivere
668 2478 800 2538 consilio.

164 2578 206 2640 Et
225 2577 298 2638 mihi
313 2578 378 2656 jam
398 2581 458 2639 toto
478 2576 558 2639 furor
577 2577 626 2637 hic
646 2596 703 2638 non
717 2577 824 2638 'deficit
843 2597 938 2660 anno,

162 2670 174 2758 i
206 2679 280 2740 Oum
299 2685 397 2741 tamen
417 2681 556 2741 adversos
577 2698 664 2757 cogor
683 2681 793 2741 habere
814 2681 894 2743 deos.

163 2783 306 2846 Milanion
325 2784 420 2844 nullos
440 2781 594 2862 fugiendo,
616 2784 723 2863 Tulle,
744 2784 860 2846 labores

206 2887 367 2948 Saevitiam
387 2888 478 2948 durae
498 2887 630 2947 contudit
649 2887 773 2948 Iasidos.
1102 2897 1141 2956 10

163 2991 242 3052 Nam
262 2989 348 3052 modo
367 2990 534 3051 Partheniis
555 3007 656 3051 amens
677 2991 795 3052 errabat
813 2990 846 3052 in
865 2992 973 3074 antris,

205 3095 272 3155 Ibat
291 3077 322 3154 et
340 3093 470 3154 hirsutas
490 3093 541 3152 ille
562 3092 664 3153 videre
685 3091 778 3174 feras3

163 3197 237 3259 iude
258 3197 348 3257 etiam
367 3196 478 3274 Hylaei
497 3197 649 3273 perculsus
669 3198 791 3258 vulnere
811 3197 885 3258 rami

205 3298 328 3360 Saucius
348 3298 485 3359 Arcadiis
504 3298 626 3375 rupibus
647 3299 798 3376 ingemuit.

163 3399 243 3478 Ergo
262 3403 393 3463 velocem
413 3401 508 3479 potuit
527 3401 674 3463 domuisse
694 3404 837 3481 puellam:
1102 3412 1139 3472 15

206 3505 335 3566 Tantum
355 3505 386 3565 in
407 3522 505 3566 amore
525 3521 628 3582 preces
649 3510 679 3566 et
698 3505 852 3568 benefacta
872 3509 980 3570 valent.

163 3605 201 3668 In
220 3625 267 3669 me
288 3607 389 3669 tardus
410 3606 500 3667 Amor
520 3626 578 3667 non
597 3609 675 3669 ullas
695 3610 807 3686 cogitat
825 3613 919 3690 artes,

206 3709 269 3774 Nec
289 3713 544 3792 nominitamus,
564 3715 598 3774 ut
617 3713 715 3792 prius,
736 3713 779 3773 irc
799 3713 874 3774 vias.

1025 3822 1037 3870 1
