2640 4400
559 361 596 420 11

151 535 314 613 „Tandem
332 539 363 598 te
383 537 481 598 nostro
501 535 631 598 referens
651 534 760 613 iujmia
779 536 871 616 laeto,
1085 535 1125 598 35

194 639 348 715 „Alterius
368 639 477 702 elausis
497 640 611 717 expulit
632 657 648 700 e
669 638 805 701 toribus?

150 745 313 822 „Namque
332 745 384 805 ubi
404 745 492 821 longa
511 761 595 804 meae
616 743 795 821 eousumpsti
814 746 948 822 tempora
966 742 1061 806 noetis

152 949 203 1026 „0
223 951 337 1012 utinam
357 951 433 1012 tales
452 949 612 1028 perducas,
634 948 781 1028 improbe,
802 951 919 1028 nostes,

194 1056 266 1130 „Me
286 1057 424 1116 miseram
444 1055 549 1132 quales
568 1069 685 1131 semper
704 1052 814 1114 habere
830 1053 936 1130 Jubesi
1086 1053 1128 1114 40

154 1159 256 1234 „Nam
276 1159 362 1221 modo
381 1175 528 1238 purpureo
548 1156 688 1217 fallebam
708 1157 834 1218 stamine
854 1173 1006 1236 somnum,

176 1267 178 1274 '
196 1263 332 1336 „Rursus
353 1266 383 1322 et
403 1259 538 1340 Orpheae
559 1261 687 1322 carmine
707 1259 787 1320 fessa
806 1261 907 1341 lyrae;

155 1363 330 1439 „Interdum
350 1381 463 1426 meeum
483 1364 613 1442 graviter
633 1364 751 1423 deserta
771 1363 916 1440 querebar
975 1439 978 1446 .

197 1469 351 1542 „Externo
371 1470 474 1545 longas
495 1485 584 1545 saepe
604 1468 636 1528 iu
656 1484 754 1528 amore
774 1483 887 1546 moras3

156 1571 258 1648 „Dum
278 1590 325 1634 me
341 1573 481 1650 jucundis
501 1573 610 1632 lassam
631 1588 718 1647 sopor
737 1570 855 1647 impulit
875 1570 940 1630 alis.
1088 1567 1128 1630 45

197 1679 277 1754 „Illa
296 1679 353 1741 fuit
371 1679 500 1742 laerimis
519 1679 624 1739 ultima
643 1695 713 1739 eura
732 1677 837 1736 meia.”

66 1921 89 1972 5.
123 1921 198 1972 Codd.
215 1922 266 1972 Nee
281 1920 373 1979 minor:
391 1919 504 1971 Heinsius
520 1919 627 1970 restituit
642 1917 744 1968 Mamor
759 1923 791 1968 et.

68 2043 105 2092 16.
141 2043 215 2092 Godd.
245 2058 324 2094 omnes
352 2059 444 2094 sumre
465 2047 489 2094 ot
512 2058 587 2092 arma.
612 2041 682 2106 Quod
704 2041 869 2090 Lachmaunus
887 2040 920 2090 sie
937 2039 1044 2106 exponit:
1063 2053 1131 2089 orror

39 2125 92 2173 mihi
115 2130 140 2175 et
164 2126 279 2176 Boeotus
302 2126 436 2176 suadebant
458 2129 486 2175 at
501 2129 623 2189 potentem
640 2125 762 2189 puellam,
785 2123 898 2172 submisso
922 2125 1024 2182 laento,
1047 2123 1130 2174 bauer

40 2211 162 2268 moena,
178 2211 260 2258 orcula
275 2224 400 2267 sumena,
417 2211 454 2267 at,
471 2207 569 2256 admoto
586 2206 680 2270 corpori
696 2222 780 2264 manu,
797 2222 834 2254 nae
850 2205 886 2254 ad
901 2205 945 2254 too
962 2206 1032 2256 doleo
1044 2205 1131 2255 bellum

37 2307 149 2354 pararem.
174 2292 249 2340 Arme
272 2305 376 2349 sumere,
402 2287 651 2354 quadamtenus,
668 2287 841 2337 dameam
859 2288 904 2338 hoo
921 2287 1007 2338 bellum
1024 2289 1129 2354 Proper·

43 2372 85 2421 tius
104 2374 236 2423 transtulit.
258 2401 292 2414 ·-
315 2371 482 2438 Interpretatio
505 2385 599 2419 sensum
618 2370 673 2434 plus
689 2383 762 2432 aequo
779 2367 916 2428 obsoeuum,
938 2386 985 2435 quo
1002 2387 1071 2419 armo
1087 2385 1131 2436 pro

43 2455 84 2502 telo
103 2455 285 2522 recipiebantur,
311 2457 426 2520 temperat
450 2456 533 2518 argute
557 2455 582 2502 et
606 2453 715 2501 firmatur
738 2451 767 2500 ab
789 2450 830 2501 illo
855 2452 957 2502 udoloia
974 2469 1044 2518 quam
1065 2452 1133 2502 avoir

45 2535 136 2586 eosdm
160 2554 228 2586 amo
258 2537 354 2587 Vereuso
381 2536 447 2601 Eleg.
474 2533 530 2594 ΙΙΙ,
548 2550 571 2583 v.
590 2535 629 2583 10.
656 2534 790 2583 Gronovius
813 2533 950 2583 emendabat
971 2535 1007 2584 ad
1027 2549 1083 2593 ora,
1108 2537 1132 2584 et

46 2616 184 2669 Burmannus
204 2617 350 2683 intelligebat
366 2617 517 2683 Propertium
532 2617 647 2681 Cynthiae
664 2632 761 2665 manum
777 2616 814 2665 ori
830 2631 873 2665 suo
890 2616 1007 2682 applicare
1022 2615 1132 2667 voluisse.

47 2697 86 2745 Sed
105 2699 192 2762 majora
213 2700 316 2749 facinora
337 2704 428 2750 ametor
448 2698 565 2757 tonabat,
591 2714 650 2764 quae
673 2698 802 2762 Cynthium
822 2698 980 2747 vehementius
1002 2713 1073 2763 qnam
1089 2711 1133 2762 per

49 2781 80 2827 eat
93 2796 104 2828 a
119 2797 198 2833 somno
214 2782 378 2832 monuissent.
396 2782 444 2831 Illa
459 2782 534 2840 euim,
551 2779 618 2830 molli
635 2779 715 2830 osculo
732 2779 816 2829 leuiter
833 2793 915 2828 somno
932 2779 1022 2838 soluta,
1042 2779 1133 2828 irarum
1152 2775 1155 2780 ’

49 2859 198 2925 abstinuisset,
214 2879 257 2914 nee
274 2864 398 2930 Propertio
415 2863 541 2914 cavendum
559 2866 609 2913 eret
626 2879 641 2912 a
658 2861 792 2912 verberibus
807 2862 922 2912 saevitiae
938 2867 1055 2928 expertae.

79 2988 112 3040 it.
143 2993 219 3058 Neap.
237 2990 321 3049 donin
339 2991 412 3040 Gron.
430 2990 500 3040 duxti
517 3005 561 3056 pro
578 2989 678 3040 ouant.

80 3113 112 3166 29.
143 3116 281 3168 Fonteiuius
302 3117 394 3184 legebat
415 3118 453 3168 Ne
475 3135 522 3183 qua
544 3117 597 3177 illi,
620 3121 645 3167 et
662 3117 687 3166 in
704 3131 773 3166 versu
790 3116 822 3168 2⁷
840 3116 924 3176 duaa,
941 3117 1012 3168 tertia
1027 3131 1134 3185 persona.

81 3239 113 3290 ³2.
143 3245 210 3294 Luna
232 3244 299 3310 cujus
320 3243 400 3296 lumen
420 3249 539 3296 moratum
561 3245 606 3295 fuit
628 3244 701 3296 donee
725 3243 817 3311 aperuit
840 3245 919 3296 oeulos
939 3245 1029 3314 puellae
1044 3246 1136 3312 fulgore

55 3327 182 3385 remotos.

83 3451 115 3502 ³5·
149 3457 250 3508 Tandem
265 3457 371 3522 injurio,
387 3457 417 3506 id
430 3461 466 3507 ert
482 3455 599 3516 exclusio,
619 3473 680 3522 quoe
696 3456 803 3523 rosertte
812 3457 847 3507 od
856 3458 941 3508 loetum
949 3473 1037 3519 meum,
1046 3455 1137 3524 sepelit

57 3534 197 3597 “oleoso
212 3539 259 3590 otor·
274 3542 354 3602 (nuno)
371 3540 470 3590 olauais.

86 3659 117 3713 39.
147 3668 233 3718 Omnes
245 3669 294 3718 fere
308 3669 380 3718 Oodd.
391 3669 526 3735 perducam
535 3667 585 3717 edd.
595 3665 983 3734 Gryphianaeeevulgprooueaa
1001 3665 1139 3717 Producam

61 3737 130 3808 oqui
141 3748 293 3814 suanorum
309 3751 334 3802 sn
350 3766 375 3802 se
392 3750 475 3802 uasta
493 3765 541 3802 nox
557 3749 583 3800 u
600 3749 713 3802 anuos
729 3749 874 3818 peruritur.
