2640 4400
1098 389 1144 435 IV

94 556 271 618 Graecorum
281 549 528 628 studiosissimus,
539 565 611 626 praa
621 548 745 608 caeteris
755 547 982 627 Callimachum,
997 546 1143 608 Philotam

59 664 85 720 et
102 660 305 719 Mimnermum
326 659 454 716 sectatus
471 656 532 733 est,
553 643 707 712 Tibullum
723 655 835 712 attente
851 649 976 730 legisse,
997 651 1143 712 interdum

57 761 200 822 Catullum
210 764 338 835 etsaepe
348 757 503 819 Horatium
519 760 588 816 ante
606 756 704 816 oculos
719 754 858 816 habuisse
867 799 876 832 ,
885 756 971 833 plura
980 758 1142 832 testantur,

56 864 165 941 siquid
182 863 286 942 vide03
307 863 421 940 epicum
438 861 553 940 stilum,
574 858 737 937 ponderosa
753 861 889 934 poemata
904 857 989 935 parvi
1006 856 1142 918 faciebat.

56 967 163 1028 Puellis
178 965 397 1045 juvenibusque
418 965 535 1042 placere
555 961 709 1024 studebat:

266 1093 333 1142 Haec
348 1107 432 1158 pueros
449 1096 532 1150 urant,
549 1091 607 1140 baec
623 1093 694 1140 urant
710 1090 798 1156 scripta
814 1089 916 1156 puellas,

298 1177 385 1242 Meque
399 1175 468 1226 deum
485 1175 586 1226 damant
602 1179 626 1224 st
642 1173 701 1224 mibi
717 1188 784 1222 sacra
798 1173 883 1222 lerant.

6 1321 7 1324 ¹
54 1299 173 1360 Bassum
184 1304 215 1360 et
225 1299 394 1376 Ponticum,
411 1305 479 1363 suos
490 1299 759 1378 aequales,poetas
770 1316 842 1374 quos
853 1295 976 1358 Ovidius
986 1300 1141 1374 memorat,

54 1403 179 1463 amicitia
196 1403 348 1462 devinctos
364 1400 483 1480 habuit,
502 1400 602 1461 Ovidii
620 1400 821 1462 famiharitate
838 1419 909 1461 usus
925 1400 990 1461 fuit
1008 1399 1036 1460 Α
1051 1401 1142 1478 majo·

54 1506 128 1566 ribus
155 1507 325 1585 neglectus,
352 1524 407 1582 par
433 1505 498 1582 pari
525 1505 642 1565 retulit:
671 1522 812 1565 coaevum
833 1495 949 1565 ⁴nullum
971 1503 1072 1565 laudat
1092 1507 1143 1564 aut
1244 1505 1247 1512 ’

53 1611 195 1688 nominem,
221 1626 258 1668 ne
280 1605 419 1668 Ovidium
440 1608 558 1684 quidam
577 1607 724 1686 sodalem,
749 1609 801 1684 qui
818 1609 937 1670 Amores
954 1613 984 1669 et
1001 1607 1143 1668 Heroides

6 1755 7 1784 ,
49 1714 107 1788 jam
138 1713 292 1791 edolabat3
326 1731 383 1772 non
414 1711 569 1792 Flaccum,
599 1731 658 1773 non
688 1712 857 1790 Tibullum,
888 1732 946 1774 non
976 1712 1143 1791 Maronem;

6 1857 8 1910 l

6 1801 7 1818 ¹
52 1816 217 1893 suppositus
243 1815 321 1875 euim
344 1818 389 1875 est
408 1815 605 1893 panegyricus
626 1817 657 1876 in
678 1817 834 1893 Virgilium
855 1822 1001 1894 postremo
1020 1816 1143 1877 carmini

6 1935 7 1976 1
53 1919 170 1979 secundi
190 1917 275 1977 Libri
295 1918 430 1979 insertus.

6 1991 8 2032 l

6 2033 8 2102 l
90 2021 332 2100 conjunctissime
360 2021 436 2080 vixit
463 2039 529 2080 cum
558 2019 645 2082 Gallo
665 2022 791 2098 quodam
813 2022 882 2102 (nou
903 2023 1036 2085 Cornelio
1056 2027 1144 2102 poeta

54 2124 239 2201 Aegyptique
254 2122 431 2203 praefecto),
450 2124 498 2182 cui
508 2123 693 2184 dulcissimos
704 2125 853 2202 inscripsit
864 2127 978 2206 elegos,
997 2142 1143 2202 quemque

6 2233 7 2278 I
54 2228 141 2288 nobili
167 2228 232 2287 loco
259 2230 359 2286 natum
386 2226 510 2305 scimus,
536 2230 689 2302 praeterea
708 2227 792 2286 nihil.
835 2228 956 2288 Tullum
976 2228 1143 2288 Vulcatium

6 2323 7 2378 ἶ
54 2349 164 2408 quoque
195 2347 378 2407 summopere
408 2329 528 2408 dilexit,
557 2329 642 2389 Lucii
671 2329 800 2390 Vulcatii
827 2330 928 2408 Tulli,
957 2329 1143 2410 Consularis,

54 2438 195 2512 nepotem.
228 2434 286 2494 Hic
316 2432 437 2492 militari
467 2449 587 2491 munere
618 2432 650 2490 in
680 2431 782 2492 Asiam
811 2432 998 2510 proficiscens
1027 2438 1143 2511 poetam

6 2547 7 2598 ζ
55 2537 185 2598 comitem
202 2539 302 2615 rogat3
321 2535 491 2613 Propertius
509 2533 636 2594 Lesbiae
655 2538 685 2593 ct
701 2535 836 2595 Neaerae
854 2540 986 2596 cantores
1003 2556 1061 2598 non
1078 2538 1142 2596 imi·

6 2659 7 2696 l
55 2645 144 2720 tatus,
166 2640 218 2717 qui
239 2639 408 2700 Memmium
429 2638 645 2714 Messalamque
666 2642 749 2698 erant
769 2639 879 2717 secuti,
900 2638 1071 2716 respondet:

267 2764 340 2814 Multi
355 2765 483 2830 longinquo
501 2764 591 2829 pariere
606 2764 632 2812 iu
648 2779 727 2814 amore
742 2763 855 2823 libenter,

274 2887 275 2892 ,
302 2847 332 2894 ln
348 2862 448 2912 quornm
465 2862 561 2896 numero
578 2862 616 2896 ma
631 2862 722 2912 quoque
738 2850 801 2896 terra
816 2849 888 2912 tegat.

268 2929 323 2976 Non
340 2943 382 2992 ego
399 2944 451 2977 sum
467 2927 543 2988 laudi,
561 2943 609 2978 uon
625 2932 694 2978 natus
712 2927 806 2977 idonens
823 2927 906 2978 armis:

297 3010 367 3059 Hanc
384 3027 421 3060 me
437 3009 545 3059 militn'am
561 3013 611 3060 iata
627 3011 705 3061 subire
722 3010 812 3060 volunt.

88 3135 173 3196 Nihil
193 3135 231 3196 de
251 3151 283 3196 ss
303 3138 421 3211 praeter
441 3151 571 3194 amorum
592 3152 677 3194 casus
699 3138 729 3194 et
749 3135 879 3195 insanias
900 3135 1056 3196 memoriae
1076 3154 1142 3213 pro·

6 3247 7 3270 ³
53 3237 138 3318 didit3
161 3238 252 3298 semel
268 3242 383 3299 tantum
400 3257 490 3315 grave
506 3241 669 3316 periculum
688 3240 745 3301 sibi
763 3240 918 3301 imminens
933 3240 1042 3320 innuit;
1054 3241 1141 3316 quale

52 3359 105 3401 noa
121 3341 235 3417 inquitz
254 3341 376 3417 Adspice
394 3359 438 3400 me
456 3349 563 3420 qcooto
581 3343 679 3420 rapiet
696 3344 816 3422 [ortona
831 3343 940 3420 periclo
959 3341 1038 3422 (Lib.
1053 3342 1142 3402 Prim.

6 3441 7 3478 ³
53 3443 193 3523 ELXXI,
211 3462 240 3502 v.
256 3442 297 3523 3).
328 3442 406 3503 Olim
422 3443 546 3505 Praetor
562 3446 683 3521 quidam
701 3464 738 3506 ex
754 3446 848 3522 Hyria
862 3447 954 3506 redux
971 3446 1064 3506 subito
1083 3445 1143 3504 suis

6 3535 7 3574 ³
53 3548 146 3624 repnte
166 3547 289 3627 potitur,
310 3548 375 3624 ipse
396 3547 578 3627 excluditur,
600 3549 734 3608 venalem
755 3548 918 3627 dominam,
936 3549 1050 3609 dolores
1066 3547 1143 3607 fimo·

6 3635 7 3702 Ϊ
54 3665 155 3726 resque
180 3666 249 3710 suos
273 3653 354 3710 ratus
375 3650 451 3710 caeli
472 3650 631 3733 mutatione
653 3654 682 3710 et
702 3651 829 3710 locorum
849 3651 1004 3712 intervallo
1023 3653 1141 3710 contun-

6 3747 7 3800 i
54 3748 135 3830 dere,
164 3768 271 3812 navem
298 3752 481 3831 conscendit,
510 3751 643 3814 Athenas
671 3753 830 3828 petiturus:
856 3757 1016 3830 tempestas
1035 3752 1142 3831 oritur,
