2642 4396
688 346 747 406 202

294 521 373 597 Quid
391 521 569 583 tumlloma
588 521 658 598 init,
679 518 799 580 tubicen
818 519 917 580 vicina
935 519 1052 582 Curetis

332 625 406 688 (lum
426 628 561 703 quateret
580 625 660 686 lento
679 642 827 687 murmure
846 643 920 687 saxa
938 625 1038 704 Jovis,

268 717 270 721 ¹
293 729 392 807 Atque
410 729 462 791 ubi
482 746 560 790 nunc
578 730 666 790 terris
685 730 824 791 dicuntur
837 730 909 809 jura
927 730 1073 809 subactis,

333 833 460 895 Stabant
479 832 611 895 Romano
630 833 693 910 pila
713 832 826 894 Sabina
844 832 930 895 foro?

292 935 393 998 Murus
413 938 497 997 erant
516 939 645 996 montes:
667 934 719 996 ubi
738 952 816 996 nnnc
836 939 882 996 est
901 933 991 997 cusa
1009 940 1109 1016 septa,

333 1039 463 1102 Bellicus
482 1057 521 1101 ex
540 1039 593 1101 illo
612 1038 692 1101 fonte
711 1039 833 1101 bibebat
852 1058 954 1117 equus.

292 1142 370 1204 Hinc
390 1141 522 1220 Tarpeja
542 1140 630 1222 (deae
649 1141 758 1203 fontem
778 1143 902 1204 libarat:
923 1143 1019 1206 atilli

332 1246 467 1323 Urgebat
485 1244 616 1306 medium
635 1243 734 1307 fictilis
753 1263 828 1306 mna
847 1245 950 1328 caput)

291 1348 376 1410 Vidit
396 1349 527 1410 arenosis
546 1348 668 1410 Tatium
687 1349 842 1427 proludere
863 1350 990 1430 campis,

332 1450 474 1528 Pictaque
493 1467 547 1528 per
566 1449 660 1512 flavas
680 1469 763 1511 arma
782 1452 883 1512 levare
898 1451 997 1528 jubas.

292 1551 451 1631 Obstupuit
469 1554 549 1631 regis
568 1551 644 1614 facie
665 1558 696 1614 et
715 1554 865 1630 regalibus
884 1555 991 1634 armis,

331 1655 470 1733 Interque
490 1657 597 1717 oblitas
617 1655 728 1718 excidit
746 1675 821 1717 urna
839 1676 953 1718 manus.

291 1759 388 1837 Saepe
408 1758 478 1820 inde
498 1759 662 1820 immeritae
682 1763 804 1821 causata
824 1764 870 1820 est
889 1760 988 1821 omina
1006 1759 1126 1842 Lunae,

330 1861 371 1923 Ilt
390 1862 449 1924 sibi
468 1862 645 1940 tinguendas
666 1862 742 1924 dixit
761 1863 793 1924 in
812 1882 898 1926 amne
918 1882 1026 1926 comas.

291 1965 389 2045 Saepe
408 1965 477 2027 tulit
496 1966 614 2027 blandis
634 1970 776 2043 argentea
794 1967 860 2028 lilia
877 1966 1041 2048 Nymphis,

330 2068 457 2131 Romula
475 2086 514 2129 ne
533 2068 638 2130 faeiem
659 2069 791 2131 laederet
810 2070 897 2132 hasta
917 2071 999 2132 Tati.

291 2170 427 2254 Dumque
447 2171 527 2232 subit
545 2171 640 2249 primo
660 2170 808 2250 Capitolia
826 2173 929 2233 nubila
947 2172 1043 2254 sumo,
1081 2161 1088 2258 J

332 2275 447 2336 Retulit
465 2272 588 2335 hirsutis
607 2274 730 2336 brachia
749 2279 831 2337 secta
849 2274 946 2356 rubis,

289 2377 329 2440 nt
348 2395 404 2439 sua
423 2377 555 2456 'lanpeja
574 2376 707 2440 residens
727 2379 770 2438 ita
789 2378 872 2440 flevit
891 2380 929 2440 ab
950 2397 1018 2442 arce

330 2480 477 2560 Vulnera,
497 2481 595 2543 vicino
615 2499 673 2542 non
693 2481 834 2559 patienda
853 2481 938 2543 Jovi:

292 2628 307 2659 ,
321 2583 409 2661 Ignes
428 2588 605 2664 castrorum,
626 2589 656 2645 et
676 2585 784 2646 Tatiae
804 2586 954 2663 praetoria
973 2589 1103 2667 turmae,

331 2686 399 2762 „nt
418 2685 544 2748 formosa
564 2687 657 2748 oeulis
677 2705 761 2748 arma
780 2687 891 2763 Sabina
910 2688 1001 2768 meis,
1217 2687 1251 2748 30

292 2788 346 2866 „0
366 2790 479 2850 utinam
498 2790 537 2850 ad
557 2795 670 2852 vestros
690 2790 810 2852 sedeam
831 2792 950 2869 captiva
969 2793 1113 2872 Penates,

331 2893 438 2970 ,Dum
458 2893 576 2973 captiva
596 2894 654 2955 mei
674 2895 825 2972 conspicer
845 2911 911 2955 esse
930 2895 1011 2956 Tati.

292 3042 307 3073 ,
320 2997 446 3059 Romani
467 3001 596 3077 montes,
617 3002 648 3058 et
667 2999 814 3059 montibus
835 2998 937 3059 addita
956 2999 1065 3078 Roma,

332 3102 400 3177 „nt
419 3103 519 3162 valeat
538 3103 644 3180 probro
665 3104 758 3164 Vesta
777 3104 914 3180 pudenda
934 3121 1008 3165 meo.

293 3203 376 3281 ,Ille
396 3222 504 3285 equus,
526 3206 577 3266 ille
598 3223 678 3266 meos
698 3206 730 3266 in
750 3210 847 3267 casua
866 3210 989 3285 reponet
1008 3224 1137 3287 amores,
1214 3200 1247 3262 35

330 3307 414 3384 „cui
434 3310 541 3370 Tatius
561 3310 682 3371 dextras
702 3311 825 3371 collocat
845 3310 910 3387 ipse
925 3309 1025 3388 jubas.
1082 3315 1084 3322 ⁴

202 3452 205 3460 -
291 3411 399 3488 ,Quid
418 3413 524 3473 mirum
545 3413 575 3474 in
596 3413 707 3490 patrios
727 3411 858 3488 Scyllam
878 3414 1009 3474 saevisse
1029 3412 1150 3490 capillos'

329 3529 345 3591 ',
359 3516 553 3592 Candidaque
574 3518 605 3578 in
625 3535 730 3578 saevos
750 3518 872 3594 inguina
892 3535 978 3578 versa
997 3516 1110 3578 canes?

291 3616 440 3692 ,Prodita
460 3617 532 3695 quid
551 3619 657 3680 mirum
676 3618 798 3680 fraterni
817 3637 926 3682 cornua
946 3619 1083 3697 monstri,

331 3717 431 3794 ,Oum
453 3721 548 3800 patuit
568 3723 644 3783 lecto
665 3722 789 3784 stamine
809 3725 886 3784 torta
905 3721 979 3782 via?
1213 3713 1247 3773 40
