2640 4400
567 331 606 393 25

158 512 216 572 llla
235 527 332 588 neque
352 508 495 570 Arabium
514 505 620 568 metuit
640 505 846 568 transcendere
866 505 975 586 limen,

196 613 261 673 Nec
282 613 367 673 timet
386 612 513 690 ostrino,
534 611 640 688 Tulle,
661 610 760 670 subire
781 615 860 690 toro,
1097 612 1138 672 20

156 717 197 778 nt
217 717 358 778 miserum
377 721 438 777 toto
458 716 596 794 juvenem
616 732 737 775 versare
757 715 865 775 cubili:

197 817 277 894 Quid
296 821 430 880 relevant
450 817 541 879 variis
561 817 657 879 serica
677 818 857 880 textilibus?

155 921 239 997 Quae
260 921 334 982 mihi
354 922 424 982 dnm
441 921 559 998 placata
578 920 692 1000 aderit,
713 941 771 982 non
791 923 854 983 nlla
873 922 998 983 verebor

195 1027 317 1103 Regna,
337 1043 392 1087 ncc
411 1024 529 1086 Alcinoi
548 1042 670 1085 munera
690 1025 853 1103 despicere.

71 1197 95 1246 5.
128 1196 202 1246 Godd.
223 1198 260 1246 st
281 1211 362 1246 acuns
384 1211 451 1246 omae
472 1201 547 1246 salua
581 1199 616 1246 De
637 1197 704 1246 silvie
728 1198 792 1246 intra
812 1197 937 1254 domorum
959 1199 1027 1262 septe
1048 1195 1135 1261 agitur.

43 1278 83 1326 Sed
107 1293 174 1327 omne
198 1278 302 1328 otiosum
324 1281 367 1327 est.
396 1279 546 1343 Ayrmannus
569 1277 707 1342 conjiciebat
727 1279 762 1328 lit
784 1295 865 1330 mmor
887 1284 915 1329 et
937 1283 1036 1336 tantan
1059 1278 1136 1327 Lach-

43 1377 135 1410 mannus
151 1362 188 1410 Et
204 1377 285 1411 mue
300 1361 377 1419 unde;
395 1360 507 1410 Jacobius
524 1361 560 1410 Et
575 1377 656 1411 mur
673 1361 810 1413 maiestas
839 1361 900 1413 mihi
918 1364 972 1411 ante
986 1375 1066 1410 omncs
1079 1375 1136 1426 pro·

43 1442 106 1493 batur
123 1443 241 1494 Fonteinii
258 1442 400 1492 emendatior
424 1443 460 1492 st
476 1459 557 1493 mor
574 1447 628 1492 arte
643 1447 723 1502 adar,
741 1459 800 1508 quac
816 1459 867 1494 rem
882 1444 959 1510 ipsam
975 1444 1085 1494 declaret.
1102 1473 1136 1482 -

44 1525 123 1576 Nemus
143 1526 256 1576 intendat
271 1526 358 1576 omine
373 1525 458 1586 silom,
481 1525 505 1576 id
522 1529 570 1584 est,
594 1524 694 1576 extollat
710 1525 820 1576 arborum
837 1525 970 1585 cacumina3
991 1541 1034 1593 per
1050 1525 1135 1592 hypal-

44 1607 115 1673 lagen,
132 1609 168 1660 uti
185 1609 261 1674 ajunt.

74 1723 110 1772 13.
143 1723 235 1773 Locum
251 1737 298 1772 non
315 1722 372 1772 satis
389 1721 539 1788 perspicuum
555 1720 589 1770 sic
605 1720 761 1787 interpretor:
780 1736 832 1771 mes
848 1719 1134 1786 gandinmihispcndcnt,

46 1803 190 1868 pollicentur,
213 1803 365 1871 persuadent,
386 1819 452 1868 reges
473 1804 538 1870 ipsos
561 1819 609 1854 nou
632 1807 763 1853 certaturos
782 1819 832 1852 esse
850 1819 941 1853 mecum
966 1803 995 1851 dc
1016 1800 1135 1852 felicitato

47 1885 144 1936 Ultinam
161 1887 221 1936 mihi
237 1887 329 1951 integro
345 1889 454 1936 maneant
470 1886 529 1934 hacc
546 1885 643 1950 gaudia,
661 1885 773 1951 quamdiu
789 1886 839 1935 lats
854 1901 891 1935 mc
907 1885 986 1934 vivere
1001 1883 1097 1934 nolentl

74 1999 111 2048 24.
143 2000 199 2048 Noa
223 2001 276 2048 ulla
298 2000 394 2049 oeredm·
415 1998 504 2064 Reqoa
525 1998 599 2050 Codd.
634 1999 708 2048 Valde
732 1999 820 2050 arridet
844 1997 977 2048 Marklandi
1002 1996 1135 2062 conjectura

46 2078 134 2143 legentis
150 2081 221 2144 Lyda
237 2095 281 2148 pro
298 2082 364 2140 ulla,
382 2083 410 2130 ut
427 2081 564 2148 Propertius
580 2081 664 2130 innuat
680 2079 762 2130 Croesi
778 2095 884 2146 regnum.

377 2324 654 2390 ELEGIA
700 2325 789 2392 XVI.

259 2496 311 2543 dl)
325 2495 527 2544 crumina!
541 2495 650 2543 nulls
664 2495 908 2545 cessuram.

328 2635 412 2697 (Codd.
428 2638 452 2684 et
468 2635 551 2685 Burm.
570 2635 615 2693 ll,
634 2635 732 2684 Lachm.
750 2635 795 2694 12,
814 2635 846 2696 Ι.)

156 2784 271 2862 Ecquid
291 2790 321 2846 tc
340 2785 446 2846 mediis
465 2789 645 2863 cessantem,
666 2785 812 2865 Cynthia,
833 2787 935 2866 Bejis,

195 2888 262 2965 Qua
276 2890 359 2968 jacet
378 2889 532 2950 Herculeis
552 2891 658 2951 semita
678 2891 833 2970 litoribus,

154 2995 194 3056 llt
213 2994 300 3055 modo
320 2993 479 3072 Thesproti
498 2994 654 3054 mirantem
674 2993 793 3054 subdita
813 3010 921 3072 regno,

194 3098 332 3158 Proxima
351 3096 474 3157 Misenis
494 3113 623 3173 aequora
641 3096 807 3174 nobilibus,

155 3202 255 3262 Nostri
274 3217 345 3261 cura
364 3201 443 3261 subit
462 3218 606 3261 memores
626 3201 771 3261 adducere
791 3201 916 3262 noctes?
1109 3200 1128 3261 5

193 3304 303 3382 Ecquis
323 3305 354 3364 in
375 3308 505 3365 extremo
524 3309 617 3365 restat
637 3321 735 3365 amora
756 3304 860 3366 locus?

155 3406 200 3467 An
220 3411 250 3467 te
270 3407 369 3468 nescio
390 3408 456 3485 quis
477 3409 623 3470 simulatis
644 3409 763 3486 ignibus
785 3408 880 3469 bostis

195 3512 320 3574 Sustulit
340 3532 357 3574 e
377 3514 500 3594 nostris,
521 3513 666 3594 Cynthia,
687 3514 891 3576 carminibus?

156 3613 252 3692 Atque
272 3617 384 3676 utinam
404 3635 489 3694 mage
510 3620 540 3677 te
560 3617 649 3677 remis
670 3616 778 3677 confisa
797 3616 919 3677 minutis

195 3719 323 3778 Parvula
342 3719 471 3780 Lucrina
490 3721 597 3796 cymba
617 3725 745 3782 moretur
765 3737 859 3799 aqna3
