2624 4398
585 347 627 408 ab

386 636 655 706 ELEGIA
701 637 826 705 XXXI.

334 808 574 857 (tunulum
604 807 876 856 vnnnmol'r.

255 943 339 1008 (cndd.
363 945 410 1004 21,
436 945 519 996 Burm.
544 945 589 1006 20,
615 944 674 1003 III;
700 943 797 994 Laohm.
823 943 870 1002 21,
897 943 955 1005 IV.)

55 1095 131 1144 Ante
151 1090 271 1152 XXXII,
288 1107 347 1158 quae
363 1093 483 1144 adversam
499 1093 572 1144 maris
587 1096 750 1160 tempestatem
766 1091 889 1151 describit,
907 1091 1064 1142 collocandam
1081 1107 1129 1143 asse

174 1172 226 1237 jam
243 1173 373 1238 conjecerat
389 1176 417 1226 Il.
434 1177 464 1226 G.
482 1175 601 1226 Bembina.
621 1176 717 1226 Codices
733 1176 813 1227 'lartio
830 1174 902 1225 Libro
918 1175 1031 1224 inserant.

173 1339 314 1416 Magnum
334 1339 391 1400 iter
410 1340 450 1401 ad
469 1339 572 1403 doctas
591 1340 737 1420 proficisci
758 1359 845 1418 cogor
865 1339 1014 1419 Athenas,

215 1443 257 1503 Ut
276 1460 323 1503 mc
343 1443 432 1520 longa
450 1443 536 1520 gravi
556 1445 653 1506 solvat
673 1461 772 1506 amore
792 1444 851 1504 via.

174 1543 287 1606 Crescit
308 1545 387 1606 enim
407 1547 526 1607 assidue
546 1548 706 1625 spectando
727 1565 798 1608 cura
816 1547 945 1624 puellae.

215 1648 284 1726 Ipse
304 1647 446 1710 alimenta
464 1649 522 1709 sibi
542 1649 672 1710 maxima
690 1649 814 1727 praebet
833 1667 923 1710 amor.

174 1749 282 1812 Omnia
301 1754 370 1812 sunt
388 1755 502 1812 tentata
521 1751 610 1832 mibi,
631 1769 814 1828 quacumque
834 1751 932 1830 fugari
1129 1752 1148 1811 5

214 1855 327 1934 Possit3
349 1859 380 1915 at
400 1855 537 1916 exomni
557 1873 604 1916 me
624 1856 732 1934 premit
752 1857 816 1934 ipsc
837 1856 927 1917 Deus.

175 1957 273 2018 Unum
292 1957 350 2017 erit
368 1958 528 2018 auxilium:
548 1959 685 2039 mutatis,
707 1957 850 2038 cynthia,
871 1959 974 2035 terris,

214 2057 363 2133 Quantum
382 2060 490 2139 oculis,
511 2060 610 2121 animo
629 2064 691 2121 tam
711 2062 813 2138 procul
833 2060 889 2121 ibit
909 2077 998 2120 amor.

173 2162 261 2224 Nunc
280 2161 375 2242 agite,
397 2179 414 2222 o
435 2163 522 2242 socii,
542 2164 699 2242 propellite
719 2164 752 2223 in
772 2181 900 2240 aequora
919 2179 1042 2242 navem,

213 2266 428 2342 Remorumque
447 2282 535 2343 pares
555 2266 654 2326 ducite
675 2270 752 2328 sorte
772 2266 869 2346 vices,
1110 2267 1149 2326 10

172 2368 353 2446 iungiteque
373 2373 504 2431 externo
523 2369 624 2430 felicia
643 2369 736 2430 lintea
755 2371 848 2430 malo:

211 2471 279 2532 Jam
300 2472 444 2548 liquidnm
464 2474 563 2534 naufis
583 2491 656 2533 aura
676 2472 819 2534 secundat
838 2473 903 2546 iter,

173 2575 322 2636 Romanae
342 2578 454 2657 turres,
475 2580 505 2636 et
525 2593 578 2638 vos
598 2576 739 2655 valeatis,
761 2574 863 2654 amici,

213 2676 442 2756 Qualiscumque
463 2677 537 2739 mibi
556 2683 663 2758 tuque,
683 2678 799 2756 puella,
820 2677 898 2737 vale.

173 2785 252 2862 Ergo
270 2803 324 2862 ego
340 2804 417 2847 nunc
433 2786 515 2846 rudis
530 2785 651 2847 Adriaci
665 2784 758 2846 vehar
775 2784 911 2861 aequoris
927 2782 1049 2863 hospes,
1108 2781 1146 2843 15

212 2885 309 2964 (logan
328 2892 359 2949 ct
378 2889 537 2950 undisonos
556 2906 632 2950 nunc
651 2905 738 2966 prece
759 2887 842 2948 adire
862 2887 947 2948 deost

173 2991 289 3052 Deinde
307 3009 362 3069 per
381 2992 495 3053 Ionium
515 2997 633 3073 vectus,
655 3010 720 3053 cum
740 2991 819 3052 fessa
838 2989 973 3051 Lechaeo

212 3092 331 3154 Sedarit
350 3094 468 3173 placida
486 3095 556 3155 vela
574 3094 714 3174 phaselus
734 3111 826 3170 aqua:

172 3195 232 3271 Qui
251 3200 401 3275 superest,
422 3196 559 3277 sufferre,
579 3196 686 3275 pedes,
707 3198 863 3274 properate
883 3195 1029 3274 laborem,

211 3297 340 3360 Isthmos
361 3317 421 3375 qua
440 3300 527 3361 terris
547 3302 628 3360 arcet
646 3302 803 3374 utrumqne
822 3314 912 3357 mare.
1107 3296 1147 3356 20

130 3388 134 3396 ⁴
171 3400 245 3461 Inda
265 3400 316 3460 ubi
337 3400 438 3461 Piraei
457 3400 575 3479 capient
594 3417 641 3460 mc
662 3399 750 3460 litora
768 3401 886 3477 portus,

213 3502 359 3563 Scaudam
379 3521 434 3582 ego
454 3503 590 3565 Theseae
609 3502 732 3564 brachia
751 3503 839 3580 longa
859 3503 935 3564 viae.

171 3606 239 3667 Illic
259 3607 309 3666 vel
329 3606 434 3668 stadiis
454 3607 585 3667 animum
604 3605 759 3668 emendare
780 3605 914 3666 Platonis

211 3709 373 3790 Incipiam,
394 3713 445 3771 aut
464 3708 572 3790 bortis,
593 3708 677 3770 docte
697 3707 840 3789 Epicure,
860 3708 935 3789 tuis3
