2642 4396
486 293 489 300 ⁵
591 335 647 396 rer

191 505 310 568 Solchis
329 506 489 582 firmantes
509 505 701 568 menarum
720 505 867 584 subjuga
885 511 986 570 teucos

231 607 319 686 Egit,
339 611 370 669 et
389 609 537 686 armigera
555 609 671 687 praelia
690 609 769 670 sevit
788 609 893 688 humo,
1128 611 1168 670 10

191 709 389 790 Custodisque
409 712 487 774 feros
506 713 614 775 clausit
634 713 781 792 serpentis
800 713 916 792 hiatus,

233 813 295 874 Iret
313 817 348 874 ut
366 812 512 876 Aesonias
531 807 629 874 aurea‘
642 815 712 876 lana
731 814 842 876 domos.

191 913 275 977 Ausa
293 914 376 978 ferox
395 915 434 976 ab
455 933 531 993 equo
551 915 699 993 quondam
718 933 888 994 oppugnare
908 917 1027 995 sagittis

231 1017 357 1080 Maeotis
376 1019 513 1080 Danaum
533 1018 724 1080 Penthesilea
743 1022 840 1099 rates,

191 1119 292 1183 Aurea
312 1120 360 1182 cui
379 1125 536 1199 postquam
555 1121 682 1183 nudavit
701 1121 819 1182 cassida
838 1121 981 1201 frontem,
1130 1122 1167 1183 15

232 1223 313 1284 Vicit
333 1222 474 1284 victorem
494 1223 623 1286 candida
642 1223 736 1286 forma
756 1224 861 1286 virum.
1208 1215 1211 1220 ’

192 1324 339 1405 Omphale
360 1329 390 1388 et
411 1327 442 1387 in
462 1330 577 1389 tantum
596 1328 707 1390 formae
727 1329 871 1407 processit
891 1328 1047 1410 honorem,

232 1429 333 1508 Lydia
352 1427 477 1506 Gygaeo
497 1431 590 1493 tincta
609 1433 711 1510 puella
731 1432 814 1512 lacu,

193 1535 249 1614 Ut,
271 1533 323 1609 qui
342 1537 447 1610 pacate
468 1535 622 1596 statuisset
642 1536 674 1596 in
694 1537 764 1598 orbe
784 1539 952 1619 columnas,

233 1635 310 1696 'Pam
330 1635 406 1697 dura
424 1636 557 1698 traheret
576 1639 679 1700 mollia
697 1658 791 1717 pensa
810 1659 908 1702 manu.
1128 1639 1169 1698 20

193 1739 351 1800 Persarum
371 1740 475 1802 statuit
495 1741 650 1819 Babylona
669 1741 841 1805 Semiramis
861 1744 981 1823 urbem,

233 1843 275 1905 Ut
294 1844 420 1906 solidum
441 1849 524 1907 coeto
544 1846 661 1907 tolleret
680 1864 790 1923 aggere
810 1865 901 1926 opus,

193 1947 235 2008 lit
253 1947 311 2009 duo
331 1949 363 2008 in
383 1949 541 2010 adversum
561 1949 645 2010 missi
666 1967 720 2028 per
739 1950 857 2012 moenia
876 1965 978 2012 currus

234 2049 282 2111 Ne
301 2054 423 2128 possent
443 2053 523 2112 tacto
542 2050 686 2128 stringere
707 2050 745 2111 ab
765 2068 821 2110 axe
841 2051 929 2112 latus.

194 2153 288 2215 Duxit
308 2155 338 2214 et
358 2151 541 2231 Euphratem
561 2151 710 2231 medium,
731 2169 791 2229 qua
811 2151 943 2214 condidit
963 2165 1061 2228 arces,
1129 2149 1168 2209 25

232 2255 328 2316 Jussit
348 2259 378 2318 et
398 2255 522 2335 imperio
542 2254 669 2316 subdere
689 2255 797 2316 Bactra
817 2259 915 2333 caput.

195 2357 300 2434 Quid?
321 2359 408 2420 modo
427 2376 505 2436 quae
524 2357 634 2420 nostris
654 2357 811 2435 opprobria
829 2360 953 2420 vexerat
972 2355 1078 2436 armis,

234 2461 275 2522 lit
293 2460 419 2524 famulos
440 2461 517 2522 inter
537 2460 648 2521 femina
667 2460 740 2520 trita
760 2477 845 2539 suos,

194 2564 336 2644 conjugis
355 2566 475 2628 obsceni
494 2565 621 2643 pretium
642 2564 776 2625 Romana
795 2564 929 2642 poposcit

234 2669 352 2730 Moenia
372 2672 402 2730 et
422 2667 556 2730 addictos
576 2667 608 2728 iu
627 2685 683 2728 sun
701 2685 794 2744 regna
813 2669 930 2746 patres!
1128 2668 1168 2726 30

195 2771 282 2832 Nunc
302 2771 353 2831 ubi
374 2770 530 2849 Scipiadae
551 2769 688 2832 classes?
711 2771 762 2830 ubi
782 2771 869 2848 signa
889 2769 1031 2832 Camilli?

235 2874 276 2934 Et
295 2873 403 2951 Pyrrhi
423 2875 462 2934 ad
482 2878 597 2934 nostros
618 2873 713 2950 gloria
728 2873 813 2951 jacta
832 2872 947 2952 pedes?

194 2979 372 3044 Hannibalis
392 2979 488 3057 spolia
507 2982 538 3038 et
557 2978 629 3039 victi
649 2982 837 3040 monumenta
858 2975 1028 3054 Syphacis?

235 3080 297 3142 Aut
315 3080 401 3142 modo
421 3081 562 3160 Pompeja
582 3081 713 3158 Bospora
734 3084 821 3158 capta
840 3078 954 3142 manu?

195 3184 316 3262 Septem
335 3185 406 3244 urbs
426 3185 488 3244 alta
503 3185 603 3263 jugis,
624 3175 685 3245 toto
706 3201 783 3260 quae
803 3183 953 3260 praesidet
974 3181 1052 3262 orbi,
1131 3180 1170 3240 35

235 3288 392 3349 Femineas
412 3288 512 3349 timuit
531 3287 634 3348 territa
654 3289 747 3348 morte
768 3286 872 3346 minas.

193 3389 518 3470 monstrosarum,
539 3389 615 3450 dolis
636 3388 791 3466 aptissima
812 3386 917 3466 tellus,

234 3495 275 3555 lit
294 3494 402 3555 totiens
422 3497 521 3556 nostro
541 3491 672 3570 Memphi
694 3495 816 3552 cruenta
836 3493 928 3576 malo,

195 3599 272 3660 'lhes
292 3598 344 3658 ubi
364 3597 505 3675 Pompejo
525 3595 655 3657 detraxit
675 3612 766 3655 arena
786 3592 966 3671 triumphos!

236 3703 336 3764 Tollet
355 3702 438 3762 nulla
458 3699 522 3762 dies
542 3699 619 3761 hanc
639 3697 711 3778 tibi,
732 3698 844 3777 Roma,
865 3700 973 3757 notam.
1131 3695 1172 3754 40
