2642 4396
696 371 757 434 164

297 543 431 606 Candida
451 545 561 606 anatis
581 549 701 606 onerata
722 547 800 607 cella
819 545 966 622 corymbis

337 649 443 726 (tinget
463 649 635 710 Bassaricas
656 650 756 726 Lydia
776 650 865 710 mitra
884 667 998 729 comas,

294 751 387 814 Levis
407 751 527 814 odorato
549 753 650 814 cervix
671 751 804 813 manabit
824 753 921 831 olivo,

333 854 374 914 Et
393 853 483 915 feries
503 854 597 916 nudos
619 859 702 915 veste
723 855 833 916 fluente
853 855 955 932 pedes.

294 957 397 1019 Mollia
415 958 560 1020 Dircaeae
581 960 741 1036 pulsabunt
762 959 900 1036 cymbala
919 941 1061 1038 Thebae3

334 1060 514 1140 Capripedes
534 1064 648 1124 calamo
669 1063 766 1123 Panes
786 1061 889 1122 hiante
910 1064 1031 1142 cenant3

294 1163 413 1227 Vcrtice
433 1167 578 1243 turrigero
595 1167 683 1244 juxta
704 1166 761 1226 dea
780 1185 890 1243 magna
910 1165 1031 1243 Cybebe

332 1270 453 1332 Tundet
473 1272 511 1331 ad
532 1271 638 1332 Idaeos
658 1275 800 1348 tympana
820 1289 910 1332 rauca
931 1269 1052 1348 choros,

293 1371 371 1435 Ante
392 1373 469 1436 fores
488 1375 592 1452 templi
613 1382 710 1436 crater
731 1375 874 1436 antistitis
895 1392 966 1435 auro

332 1476 471 1537 Libatum
491 1476 617 1538 fundens
638 1478 670 1537 iu
691 1482 743 1538 tue
763 1495 849 1538 sacra
868 1495 991 1540 merum.

293 1576 376 1639 Haec
395 1597 451 1656 ego
471 1597 529 1640 uon
551 1578 656 1638 humili
678 1577 803 1640 reseram
823 1579 1012 1642 memorande
1032 1576 1199 1659 cothurno,

332 1680 437 1756 Qualis
457 1682 614 1743 Pindarico
634 1681 756 1759 spiritus
777 1701 828 1744 ore
848 1687 941 1744 tonat.
1236 1681 1270 1740 tc

292 1784 342 1846 uu
361 1786 447 1847 modo
466 1785 588 1847 servitio
608 1804 733 1847 vacuum
755 1804 803 1847 me
823 1786 896 1846 siste
917 1785 1063 1863 superbe,

331 1885 431 1964 Atque
451 1885 508 1948 hoc
527 1887 686 1949 sollicitum
706 1887 792 1948 vince
811 1905 914 1964 sopore
935 1891 1034 1966 caput.

223 2030 248 2081 2.
280 2033 354 2084 Gran.
371 2033 485 2093 Μυσαίῳ
503 2037 581 2101 Neap.
597 2039 692 2100 pacato.

223 2119 247 2170 8.
282 2121 355 2171 codd.
372 2123 527 2182 adesdum,-
544 2123 645 2173 malain
662 2123 742 2188 rulgg.
759 2123 786 2172 in
802 2125 901 2190 melam.
927 2123 1049 2172 Praecedit
1064 2123 1092 2172 in
1107 2121 1193 2175 meaa.

206 2202 246 2254 10.
279 2205 353 2256 Gran.
369 2208 394 2255 et
410 2207 485 2272 Neap.
502 2212 547 2256 aut
562 2213 607 2258 turs
623 2207 697 2264 vium
715 2205 872 2256 mentesanus
889 2221 944 2256 cnm
960 2201 1012 2256 ‘aliis
1029 2208 1075 2256 vel.

205 2291 246 2366 12¹.
279 2294 354 2345 Gran.
368 2295 473 2346 animm
490 2303 561 2348 vexat
577 2297 689 2362 almaque
705 2314 795 2354 meum
814 2299 890 2362 Neap.
905 2297 1184 2362 animoversetutroque
1191 2294 1264 2346 uodo.

172 2373 350 2439 Groningunum
365 2393 461 2442 sequor,
479 2395 507 2430 ex
526 2381 602 2446 Neap.
620 2379 738 2444 corrigens
754 2384 833 2429 vereat
849 2395 892 2446 pro
910 2384 988 2430 cecat.

204 2461 246 2513 33.
278 2462 366 2513 Mollia
381 2468 494 2529 tympana
510 2465 582 2516 Codd.
600 2482 722 2531 qnaenon
739 2466 902 2526 mollierunt,
919 2467 1079 2517 aedtonantiu
1097 2465 1263 2518 pantarces

171 2541 245 2592 Codri
267 2544 375 2606 cymbala
396 2561 483 2606 rauca,
509 2565 567 2614 quae
588 2553 670 2599 tenear
692 2549 806 2609 tinnitus,
831 2553 857 2599 ut
874 2550 907 2600 ait
924 2549 1046 2609 Catullus,
1070 2549 1177 2600 edebant.
1207 2551 1263 2599 Bur·
1304 2585 1305 2594 η

171 2638 269 2674 mannus
285 2626 387 2676 correxit
402 2630 485 2679 mollia
500 2631 622 2694 cymbala,
644 2631 724 2681 deinde
746 2637 859 2698 tympana
880 2649 963 2684 rauca.
998 2632 1102 2682 Nomina
1124 2631 1263 2684 instrumen-

170 2709 248 2758 torum
263 2712 428 2775 permutarunt
444 2711 521 2762 sedem
537 2713 666 2764 scribarum
684 2714 750 2765 vitio.

466 2945 785 3019 vnrtrscra
834 2911 931 3020 xm

409 3121 464 3172 DE
484 3125 788 3178 eunomianum
809 3129 1025 3180 maranum.

365 3265 450 3331 (codd.
474 3268 520 3331 19,
548 3271 631 3322 Burm.
658 3273 702 3334 17,
730 3273 792 3335 ΙΙΙ,
819 3272 917 3327 Lachm.
944 3275 989 3335 18,
1015 3273 1072 3336 IV.)

287 3421 433 3503 objicitur
453 3428 541 3492 toties
561 3448 580 3491 a
600 3434 630 3492 tc
651 3431 725 3494 mihi
746 3440 848 3496 nostm
868 3435 979 3497 libido:

327 3525 423 3592 Crede
444 3532 534 3614 mihi,
555 3534 639 3597 vobis
661 3536 787 3616 imperat
807 3539 866 3600 ista
886 3539 991 3616 magis.

286 3627 364 3710 Vos,
385 3633 436 3694 ubi
455 3637 616 3714 contempti
636 3638 758 3716 rupistis
778 3637 862 3702 irena
881 3639 1020 3722 pudoris,

326 3733 457 3802 Nescitis
475 3742 581 3820 captae
602 3743 711 3806 mentis
731 3743 841 3807 habere
862 3746 989 3808 modum.
