2640 4400
1093 375 1151 419 ΧῘΧ

56 531 147 608 fugit,
168 529 356 604 indignanter
377 527 405 586 ei
425 527 541 603 longum
562 527 708 604 iidemque
725 529 896 590 servitutem
913 530 1070 612 objiciens,
1088 533 1153 595 diu·

55 635 229 694 turnitetem
260 635 434 708 exaggerat,
465 648 524 692 non
556 631 671 692 minuit
711 631 866 693 Caeterum
894 633 925 695 in
945 633 1000 696 hoc
1022 655 1152 699 umorum

56 754 167 814 genere
187 734 417 811 quinquennium
437 734 511 794 setis
531 749 677 810 superque
698 734 818 811 longum
839 739 893 797 eet

97 839 272 915 Propertius
292 838 365 898 setis
385 837 474 915 vixit,
497 842 531 897 ut
547 837 683 897 v'l'ertiunr
704 837 826 899 Librum
846 839 990 917 proderet
1027 841 1154 906 romum

58 961 151 1002 unum
170 926 371 1001 tantummodo
387 957 505 1000 cannen
526 941 570 999 illi
591 956 644 1016 pro
661 946 740 1002 certo
756 942 885 1004 tribuere
895 943 980 1024 licet,
992 947 1156 1023 epicedinm

60 1045 217 1105 Oorueliee
244 1044 384 1120 scriptum
405 1059 481 1103 enno
501 1041 753 1122 DOOXXXVIII,
775 1045 853 1106 ultre
872 1062 959 1121 quem
979 1047 1071 1108 ritem
1090 1068 1155 1128 pm-

59 1148 183 1208 duxisse
203 1165 262 1206 non
281 1149 371 1222 putet

102 1253 151 1312 Ita
181 1269 219 1312 ne
251 1251 325 1313 obiit
354 1255 467 1311 metune
495 1251 653 1327 mortisque
681 1253 864 1328 properentis
895 1253 1052 1336 vaticinia,
1083 1273 1158 1333 quse

63 1355 177 1430 passim
204 1355 235 1413 in
272 1355 363 1431 elegis
395 1355 572 1434 offeruntur,
604 1353 773 1416 confirmate
803 1354 943 1417 fuerunt?
970 1357 981 1398 ¹
1024 1359 1079 1421 Illo
1099 1359 1160 1422 iere

62 1477 140 1518 enno
166 1459 331 1519 excessisse
357 1455 496 1518 Ovidieni
521 1459 578 1518 loci
605 1459 742 1535 probent,
774 1458 826 1533 qui
853 1476 953 1520 omncs
978 1459 1160 1538 Propertium

63 1563 124 1638 jam
154 1561 207 1620 din
232 1560 292 1629 feto
320 1560 451 1622 functum
478 1561 643 1621 ostendunt
674 1559 733 1619 Sed
761 1577 819 1620 non
846 1561 902 1620 erit
929 1562 982 1623 ebs
1007 1580 1039 1622 re
1066 1564 1161 1625 locum

64 1664 156 1724 Plinii
173 1664 238 1741 jam
259 1668 450 1724 memoratum
475 1664 573 1740 paullo
598 1662 769 1738 diligentius
800 1661 975 1738 expendere.
1014 1664 1162 1738 „Passen-

65 1767 133 1826 nius
159 1765 270 1825 Paulus
295 1764 417 1845 (legitur
442 1765 514 1841 epis.
538 1765 591 1844 15,
608 1764 663 1845 Vl)
682 1767 694 1804 ²
715 1764 886 1841 splendidus
912 1783 1001 1842 eques
1026 1785 1161 1830 romanus

66 1875 97 1930 et
125 1871 155 1929 in
184 1870 288 1946 primis
310 1870 458 1948 eruditus,
480 1870 582 1930 scribit
604 1871 711 1946 elegos.
750 1868 940 1928 Gentilicium
959 1870 1015 1931 hoc
1035 1870 1096 1952 illi3
1118 1877 1164 1933 est

67 1973 146 2032 enim
173 1973 326 2049 municeps
355 1972 516 2050 Propertii,
545 1976 632 2048 atque
654 1972 742 2031 etiem
764 1971 840 2031 inter
860 1973 984 2050 majores
1005 1992 1072 2036 suos
1094 1975 1164 2036 Pro-

68 2077 196 2152 pertium
217 2078 381 2137 numerat.''
402 2076 480 2136 Dein
501 2076 574 2152 epis.
590 2077 645 2153 22,
664 2075 723 2134 IX:
748 2075 807 2148 „Iu
826 2076 920 2137 literis
935 2081 1049 2138 veteres
1066 2095 1164 2140 eemu-

68 2181 162 2258 letur,
182 2180 335 2258 exprimit,
354 2179 467 2240 reddit:
488 2179 672 2255 Propertium
690 2180 720 2238 in
737 2179 855 2258 primis,
872 2196 957 2256 eqno
967 2198 1059 2256 genus
1071 2181 1164 2258 ducit,

70 2302 139 2343 rere
169 2283 302 2362 soboles,
335 2301 427 2359 eoque
459 2282 609 2342 simillima
640 2281 700 2359 illi,
733 2282 763 2341 in
795 2299 852 2357 quo
883 2281 933 2340 ille
960 2283 1164 2361 praecipuus.'’

69 2386 194 2462 Vulpius
216 2403 284 2444 cero
305 2385 428 2462 soboles,
451 2384 535 2444 decit
555 2403 679 2460 pereso
699 2384 850 2463 Propertio
869 2385 1009 2462 intelligit
1027 2383 1165 2444 feminum

69 2490 209 2550 Aureliae
234 2487 363 2548 familiae
389 2489 419 2548 in
444 2487 621 2548 Pescennios
648 2491 784 2566 nuptem3
806 2487 1017 2564 Hertzbergius
1037 2486 1165 2564 explicet

70 2611 120 2669 per
156 2591 343 2668 adoptionem
374 2592 504 2676 nepotis
520 2590 666 2668 Propertii
696 2590 727 2649 in
758 2590 983 2651 Passenniorum
1014 2589 1164 2650 familiam.

70 2695 258 2772 Hertzbergii
286 2695 480 2772 conjecturem
508 2692 710 2754 commendere
738 2693 854 2753 videtur
881 2693 1032 2769 inscriptio
1057 2691 1165 2752 Assisii

71 2805 186 2876 reperte
208 2803 238 2857 et
258 2817 276 2856 e
296 2797 455 2858 Muratorio
476 2798 606 2873 prolate:

500 2900 532 2960 O.
553 2900 740 2960 Pusrnnrno

525 2996 557 3056 0.
578 2995 612 3055 F.
634 2994 720 3054 Smne

558 3094 691 3152 Pnuuno

531 3189 722 3248 PsornnnIo

555 3283 688 3342 Bnnns0.

105 3421 115 3447 ¹
153 3413 180 3460 Si
202 3411 258 3461 tides
280 3413 356 3477 ulique
378 3415 414 3461 est
435 3409 539 3460 habende
562 3411 646 3476 elegiae
668 3411 696 3461 de
725 3409 816 3460 Umbra
842 3411 969 3475 Cynthiae,
996 3413 1078 3478 procul
1096 3414 1166 3464 dubio

73 3494 217 3560 conscriptae
242 3497 293 3559 post
315 3494 433 3560 Propertii
454 3498 567 3552 mortem,
591 3494 693 3559 Cynthia
715 3494 769 3543 Sex.
786 3492 880 3542 Aurelio
902 3499 1051 3560 praemortuo
1066 3495 1164 3554 -iuisset,

73 3593 112 3625 uec
134 3575 210 3626 multo
232 3579 285 3641 post
307 3580 376 3642 poete
397 3575 498 3626 obiisset.
527 3577 615 3625 aeNunc
632 3581 655 3626 tc
672 3575 812 3641 pmsideant
834 3575 911 3626 aliae.-
930 3592 984 3628 uror
999 3578 1052 3626 sola
1069 3578 1165 3627 tenebor

74 3659 164 3708 Memor
182 3658 231 3708 eris
248 3663 272 3707 et
289 3659 370 3708 mietio
388 3658 478 3708 ossibus
494 3673 548 3707 orsa
564 3663 647 3707 teram.

107 3749 117 3774 ⁸
154 3739 313 3798 Percennium
329 3756 373 3806 pro
394 3741 521 3800 Passieno,
539 3744 567 3790 ut
582 3740 653 3806 vulgo
669 3740 764 3805 legitur,
781 3740 946 3790 emendandum
963 3755 1012 3789 esse
1024 3745 1087 3790 recte
1100 3741 1167 3791 docet

76 3821 244 3887 Hertubergius
262 3837 290 3871 ex
304 3823 456 3890 inscriptione
473 3839 527 3872 mox
544 3823 642 3873 citunde.
