<?xml version="1.0" encoding="UTF-8"?>
<!DOCTYPE html PUBLIC "-//W3C//DTD XHTML 1.0 Transitional//EN"
    "http://www.w3.org/TR/xhtml1/DTD/xhtml1-transitional.dtd">
<html xmlns="http://www.w3.org/1999/xhtml" xml:lang="en" lang="en">
 <head>
  <title>
</title>
<meta http-equiv="Content-Type" content="text/html;charset=utf-8" />
  <meta name='ocr-system' content='tesseract 3.04.00' />
  <meta name='ocr-capabilities' content='ocr_page ocr_carea ocr_par ocr_line ocrx_word'/>
</head>
<body>
  <div class='ocr_page' id='page_1' title='image "./cynthiacumlibro00carugoog_0232.png"; bbox 0 0 2642 4396; ppageno 0'>
   <div class='ocr_carea' id='block_1_1' title="bbox 376 535 879 630">
    <p class='ocr_par' dir='ltr' id='par_1_1' title="bbox 376 535 879 630">
     <span class='ocr_line' id='line_1_1' title="bbox 376 535 879 630; baseline -0.002 0"><span class='ocrx_word' id='word_1_1' title='bbox 376 559 654 630; x_wconf 73' lang='lat' dir='ltr'><strong>sunere</strong></span> <span class='ocrx_word' id='word_1_2' title='bbox 703 535 879 630; x_wconf 58' lang='lat' dir='ltr'><strong>xmus</strong></span> 
     </span>
    </p>
   </div>
   <div class='ocr_carea' id='block_1_2' title="bbox 278 700 995 894">
    <p class='ocr_par' dir='ltr' id='par_1_2' title="bbox 278 700 995 894">
     <span class='ocr_line' id='line_1_2' title="bbox 464 700 742 750; baseline 0 -2"><span class='ocrx_word' id='word_1_3' title='bbox 464 701 517 748; x_wconf 70' lang='lat' dir='ltr'><strong>AB</strong></span> <span class='ocrx_word' id='word_1_4' title='bbox 543 700 742 750; x_wconf 68' lang='lat' dir='ltr'><strong>Redonum.</strong></span> 
     </span>
     <span class='ocr_line' id='line_1_3' title="bbox 278 806 995 894; baseline -0.011 -34"><span class='ocrx_word' id='word_1_5' title='bbox 278 809 361 874; x_wconf 76' lang='lat' dir='ltr'><strong>(colu</strong></span> <span class='ocrx_word' id='word_1_6' title='bbox 379 809 424 894; x_wconf 63' lang='lat' dir='ltr'><strong>l&#39;i,</strong></span> <span class='ocrx_word' id='word_1_7' title='bbox 441 808 525 860; x_wconf 82' lang='lat' dir='ltr'><strong>Burm.</strong></span> <span class='ocrx_word' id='word_1_8' title='bbox 542 806 662 868; x_wconf 78' lang='lat'>15‚.111;</span> <span class='ocrx_word' id='word_1_9' title='bbox 681 807 780 858; x_wconf 75' lang='lat' dir='ltr'><strong>usuum.</strong></span> <span class='ocrx_word' id='word_1_10' title='bbox 798 808 844 869; x_wconf 82' lang='lat'><strong>16,</strong></span> <span class='ocrx_word' id='word_1_11' title='bbox 862 809 919 874; x_wconf 83' lang='lat' dir='ltr'><strong>lv.)</strong></span> <span class='ocrx_word' id='word_1_12' title='bbox 993 845 995 852; x_wconf 94' lang='lat'><em>.</em></span> 
     </span>
    </p>
   </div>
   <div class='ocr_carea' id='block_1_3' title="bbox 108 931 1152 3822">
    <p class='ocr_par' dir='ltr' id='par_1_3' title="bbox 172 931 998 1128">
     <span class='ocr_line' id='line_1_4' title="bbox 172 931 998 1028; baseline 0 -22"><span class='ocrx_word' id='word_1_13' title='bbox 172 943 313 1025; x_wconf 60' lang='lat' dir='ltr'><strong>Nune,‘e</strong></span> <span class='ocrx_word' id='word_1_14' title='bbox 332 941 466 1024; x_wconf 72' lang='lat' dir='ltr'><strong>Bacche,</strong></span> <span class='ocrx_word' id='word_1_15' title='bbox 478 931 547 1004; x_wconf 69' lang='lat' dir='ltr'><strong>vtuis</strong></span> <span class='ocrx_word' id='word_1_16' title='bbox 566 941 694 1004; x_wconf 90' lang='lat' dir='ltr'><strong>humiles</strong></span> <span class='ocrx_word' id='word_1_17' title='bbox 714 941 900 1005; x_wconf 83' lang='lat' dir='ltr'><strong>advolvimur</strong></span> <span class='ocrx_word' id='word_1_18' title='bbox 920 944 998 1028; x_wconf 80' lang='lat' dir='ltr'><strong>aris3</strong></span> 
     </span>
     <span class='ocr_line' id='line_1_5' title="bbox 216 1045 849 1128; baseline 0.003 -20"><span class='ocrx_word' id='word_1_19' title='bbox 216 1047 262 1108; x_wconf 90' lang='lat' dir='ltr'><strong>Da</strong></span> <span class='ocrx_word' id='word_1_20' title='bbox 281 1047 355 1110; x_wconf 87' lang='lat' dir='ltr'><strong>milri</strong></span> <span class='ocrx_word' id='word_1_21' title='bbox 373 1049 480 1126; x_wconf 78' lang='lat' dir='ltr'><strong>paeate</strong></span> <span class='ocrx_word' id='word_1_22' title='bbox 500 1046 569 1108; x_wconf 87' lang='lat' dir='ltr'><strong>vela</strong></span> <span class='ocrx_word' id='word_1_23' title='bbox 588 1045 733 1128; x_wconf 75' lang='lat' dir='ltr'><strong>secunda,</strong></span> <span class='ocrx_word' id='word_1_24' title='bbox 754 1051 849 1124; x_wconf 85' lang='lat' dir='ltr'><strong>pater.</strong></span> 
     </span>
    </p>

    <p class='ocr_par' dir='ltr' id='par_1_4' title="bbox 174 1150 952 1336">
     <span class='ocr_line' id='line_1_6' title="bbox 174 1150 952 1240; baseline 0.003 -28"><span class='ocrx_word' id='word_1_25' title='bbox 174 1150 223 1240; x_wconf 79' lang='lat' dir='ltr'><strong>&#39;l’u</strong></span> <span class='ocrx_word' id='word_1_26' title='bbox 242 1155 327 1230; x_wconf 86' lang='lat' dir='ltr'><strong>potes</strong></span> <span class='ocrx_word' id='word_1_27' title='bbox 346 1153 470 1214; x_wconf 83' lang='lat' dir='ltr'><strong>insanae</strong></span> <span class='ocrx_word' id='word_1_28' title='bbox 490 1150 619 1212; x_wconf 85' lang='lat' dir='ltr'><strong>Veneris¹</strong></span> <span class='ocrx_word' id='word_1_29' title='bbox 635 1167 821 1229; x_wconf 83' lang='lat' dir='ltr'><strong>sompeseere</strong></span> <span class='ocrx_word' id='word_1_30' title='bbox 841 1151 952 1234; x_wconf 79' lang='lat' dir='ltr'><strong>festus,</strong></span> 
     </span>
     <span class='ocr_line' id='line_1_7' title="bbox 215 1253 823 1336; baseline 0.002 -21"><span class='ocrx_word' id='word_1_31' title='bbox 215 1255 418 1334; x_wconf 79' lang='lat' dir='ltr'><strong>Omernmque</strong></span> <span class='ocrx_word' id='word_1_32' title='bbox 437 1259 487 1317; x_wconf 87' lang='lat' dir='ltr'><strong>tuo</strong></span> <span class='ocrx_word' id='word_1_33' title='bbox 506 1253 541 1314; x_wconf 88' lang='lat' dir='ltr'><strong>fit</strong></span> <span class='ocrx_word' id='word_1_34' title='bbox 560 1254 707 1316; x_wconf 85' lang='lat' dir='ltr'><strong>medisina</strong></span> <span class='ocrx_word' id='word_1_35' title='bbox 727 1273 823 1336; x_wconf 83' lang='lat' dir='ltr'><strong>mer03</strong></span> 
     </span>
    </p>

    <p class='ocr_par' dir='ltr' id='par_1_5' title="bbox 175 1358 1150 1543">
     <span class='ocr_line' id='line_1_8' title="bbox 175 1358 1150 1441; baseline 0.006 -21"><span class='ocrx_word' id='word_1_36' title='bbox 175 1358 233 1422; x_wconf 92' lang='lat' dir='ltr'><strong>Per</strong></span> <span class='ocrx_word' id='word_1_37' title='bbox 253 1365 283 1422; x_wconf 90' lang='lat' dir='ltr'><strong>te</strong></span> <span class='ocrx_word' id='word_1_38' title='bbox 298 1361 479 1440; x_wconf 83' lang='lat' dir='ltr'><strong>junguntur,</strong></span> <span class='ocrx_word' id='word_1_39' title='bbox 500 1363 604 1436; x_wconf 91' lang='lat' dir='ltr'><strong>perte</strong></span> <span class='ocrx_word' id='word_1_40' title='bbox 624 1359 778 1420; x_wconf 86' lang='lat' dir='ltr'><strong>solvuntur</strong></span> <span class='ocrx_word' id='word_1_41' title='bbox 797 1363 949 1441; x_wconf 85' lang='lat' dir='ltr'><strong>amantes,</strong></span> <span class='ocrx_word' id='word_1_42' title='bbox 1131 1366 1150 1426; x_wconf 80' lang='lat'><strong>5</strong></span> 
     </span>
     <span class='ocr_line' id='line_1_9' title="bbox 214 1461 931 1543; baseline -0.001 -17"><span class='ocrx_word' id='word_1_43' title='bbox 214 1464 263 1526; x_wconf 81' lang='lat' dir='ltr'><strong>Tu</strong></span> <span class='ocrx_word' id='word_1_44' title='bbox 282 1465 386 1525; x_wconf 88' lang='lat' dir='ltr'><strong>vitium</strong></span> <span class='ocrx_word' id='word_1_45' title='bbox 408 1482 446 1524; x_wconf 82' lang='lat' dir='ltr'><strong>ex</strong></span> <span class='ocrx_word' id='word_1_46' title='bbox 466 1463 565 1524; x_wconf 85' lang='lat' dir='ltr'><strong>auimo</strong></span> <span class='ocrx_word' id='word_1_47' title='bbox 585 1463 680 1541; x_wconf 88' lang='lat' dir='ltr'><strong>dilue,</strong></span> <span class='ocrx_word' id='word_1_48' title='bbox 701 1461 833 1543; x_wconf 75' lang='lat' dir='ltr'><strong>Busche,</strong></span> <span class='ocrx_word' id='word_1_49' title='bbox 856 1481 931 1532; x_wconf 85' lang='lat' dir='ltr'><strong>meo.</strong></span> 
     </span>
    </p>

    <p class='ocr_par' dir='ltr' id='par_1_6' title="bbox 108 1557 1019 1646">
     <span class='ocr_line' id='line_1_10' title="bbox 108 1557 1019 1646; baseline 0.003 -18"><span class='ocrx_word' id='word_1_50' title='bbox 108 1557 110 1560; x_wconf 64' lang='grc'><strong>’</strong></span> <span class='ocrx_word' id='word_1_51' title='bbox 173 1567 220 1630; x_wconf 82' lang='lat' dir='ltr'><strong>&#39;Pe</strong></span> <span class='ocrx_word' id='word_1_52' title='bbox 241 1585 357 1646; x_wconf 87' lang='lat' dir='ltr'><strong>quoque</strong></span> <span class='ocrx_word' id='word_1_53' title='bbox 378 1567 456 1629; x_wconf 89' lang='lat' dir='ltr'><strong>enim</strong></span> <span class='ocrx_word' id='word_1_54' title='bbox 476 1585 535 1628; x_wconf 89' lang='lat' dir='ltr'><strong>non</strong></span> <span class='ocrx_word' id='word_1_55' title='bbox 555 1583 620 1627; x_wconf 89' lang='lat' dir='ltr'><strong>esse</strong></span> <span class='ocrx_word' id='word_1_56' title='bbox 641 1565 744 1626; x_wconf 88' lang='lat' dir='ltr'><strong>rudem</strong></span> <span class='ocrx_word' id='word_1_57' title='bbox 765 1570 891 1628; x_wconf 89' lang='lat' dir='ltr'><strong>testatur</strong></span> <span class='ocrx_word' id='word_1_58' title='bbox 910 1568 1019 1630; x_wconf 83' lang='lat' dir='ltr'><strong>emeris</strong></span> 
     </span>
    </p>

    <p class='ocr_par' dir='ltr' id='par_1_7' title="bbox 214 1665 909 1748">
     <span class='ocr_line' id='line_1_11' title="bbox 214 1665 909 1748; baseline -0.001 -18"><span class='ocrx_word' id='word_1_59' title='bbox 214 1671 366 1748; x_wconf 86' lang='lat' dir='ltr'><strong>Lyneibus</strong></span> <span class='ocrx_word' id='word_1_60' title='bbox 386 1671 425 1731; x_wconf 82' lang='lat' dir='ltr'><strong>ad</strong></span> <span class='ocrx_word' id='word_1_61' title='bbox 445 1670 559 1731; x_wconf 86' lang='lat' dir='ltr'><strong>eoelum</strong></span> <span class='ocrx_word' id='word_1_62' title='bbox 578 1671 665 1729; x_wconf 87' lang='lat' dir='ltr'><strong>veeta</strong></span> <span class='ocrx_word' id='word_1_63' title='bbox 684 1665 819 1729; x_wconf 82' lang='lat' dir='ltr'><strong>Ariadna</strong></span> <span class='ocrx_word' id='word_1_64' title='bbox 840 1669 909 1730; x_wconf 86' lang='lat' dir='ltr'><strong>tuis.</strong></span> 
     </span>
    </p>

    <p class='ocr_par' dir='ltr' id='par_1_8' title="bbox 174 1772 1151 1958">
     <span class='ocr_line' id='line_1_12' title="bbox 174 1772 1043 1858; baseline 0.003 -24"><span class='ocrx_word' id='word_1_65' title='bbox 174 1774 239 1838; x_wconf 90' lang='lat' dir='ltr'><strong>Hoe</strong></span> <span class='ocrx_word' id='word_1_66' title='bbox 259 1775 348 1855; x_wconf 81' lang='lat' dir='ltr'><strong>milri,</strong></span> <span class='ocrx_word' id='word_1_67' title='bbox 368 1775 447 1853; x_wconf 89' lang='lat' dir='ltr'><strong>quod</strong></span> <span class='ocrx_word' id='word_1_68' title='bbox 466 1777 582 1836; x_wconf 87' lang='lat' dir='ltr'><strong>veteres</strong></span> <span class='ocrx_word' id='word_1_69' title='bbox 602 1772 731 1834; x_wconf 84' lang='lat' dir='ltr'><strong>eustodit</strong></span> <span class='ocrx_word' id='word_1_70' title='bbox 751 1773 782 1832; x_wconf 92' lang='lat' dir='ltr'><strong>in</strong></span> <span class='ocrx_word' id='word_1_71' title='bbox 803 1774 920 1836; x_wconf 87' lang='lat' dir='ltr'><strong>ossibus</strong></span> <span class='ocrx_word' id='word_1_72' title='bbox 940 1774 1043 1858; x_wconf 77' lang='lat' dir='ltr'><strong>ignes,</strong></span> 
     </span>
     <span class='ocr_line' id='line_1_13' title="bbox 214 1879 1151 1958; baseline 0.003 -18"><span class='ocrx_word' id='word_1_73' title='bbox 214 1879 333 1940; x_wconf 76' lang='lat' dir='ltr'><strong>Funera</strong></span> <span class='ocrx_word' id='word_1_74' title='bbox 351 1879 499 1944; x_wconf 90' lang='lat' dir='ltr'><strong>sanabunt</strong></span> <span class='ocrx_word' id='word_1_75' title='bbox 518 1883 570 1940; x_wconf 90' lang='lat' dir='ltr'><strong>aut</strong></span> <span class='ocrx_word' id='word_1_76' title='bbox 589 1882 642 1939; x_wconf 88' lang='lat' dir='ltr'><strong>tua</strong></span> <span class='ocrx_word' id='word_1_77' title='bbox 661 1879 747 1958; x_wconf 85' lang='lat' dir='ltr'><strong>vina,</strong></span> <span class='ocrx_word' id='word_1_78' title='bbox 768 1879 887 1940; x_wconf 86' lang='lat' dir='ltr'><strong>malum.</strong></span> <span class='ocrx_word' id='word_1_79' title='bbox 1111 1885 1151 1944; x_wconf 91' lang='grc'><strong>10</strong></span> 
     </span>
    </p>

    <p class='ocr_par' dir='ltr' id='par_1_9' title="bbox 174 1973 1089 2168">
     <span class='ocr_line' id='line_1_14' title="bbox 174 1973 1089 2068; baseline 0.003 -25"><span class='ocrx_word' id='word_1_80' title='bbox 174 1981 297 2062; x_wconf 78' lang='lat' dir='ltr'><strong>Semper</strong></span> <span class='ocrx_word' id='word_1_81' title='bbox 317 1984 395 2046; x_wconf 89' lang='lat' dir='ltr'><strong>enim</strong></span> <span class='ocrx_word' id='word_1_82' title='bbox 415 2001 522 2047; x_wconf 80' lang='lat' dir='ltr'><strong>vacuos</strong></span> <span class='ocrx_word' id='word_1_83' title='bbox 542 2003 601 2046; x_wconf 86' lang='lat' dir='ltr'><strong>nex</strong></span> <span class='ocrx_word' id='word_1_84' title='bbox 620 1973 719 2046; x_wconf 85' lang='lat' dir='ltr'><strong>&#39;sobria</strong></span> <span class='ocrx_word' id='word_1_85' title='bbox 740 1987 856 2061; x_wconf 75' lang='lat' dir='ltr'>torquet</span> <span class='ocrx_word' id='word_1_86' title='bbox 876 1989 1028 2066; x_wconf 87' lang='lat' dir='ltr'><strong>amantes,</strong></span> <span class='ocrx_word' id='word_1_87' title='bbox 1085 2061 1089 2068; x_wconf 87' lang='lat'><em>.</em></span> 
     </span>
     <span class='ocr_line' id='line_1_15' title="bbox 215 2087 1088 2168; baseline 0.007 -18"><span class='ocrx_word' id='word_1_88' title='bbox 215 2087 349 2168; x_wconf 77' lang='lat' dir='ltr'><strong>Spesque</strong></span> <span class='ocrx_word' id='word_1_89' title='bbox 367 2090 512 2168; x_wconf 89' lang='lat' dir='ltr'><strong>timorque</strong></span> <span class='ocrx_word' id='word_1_90' title='bbox 532 2091 662 2152; x_wconf 88' lang='lat' dir='ltr'><strong>animum</strong></span> <span class='ocrx_word' id='word_1_91' title='bbox 681 2094 782 2151; x_wconf 87' lang='lat' dir='ltr'><strong>versat</strong></span> <span class='ocrx_word' id='word_1_92' title='bbox 801 2089 939 2166; x_wconf 77' lang='lat' dir='ltr'><strong>uuinque</strong></span> <span class='ocrx_word' id='word_1_93' title='bbox 959 2109 1088 2156; x_wconf 87' lang='lat' dir='ltr'><strong>meum..</strong></span> 
     </span>
    </p>

    <p class='ocr_par' dir='ltr' id='par_1_10' title="bbox 175 2189 1090 2375">
     <span class='ocr_line' id='line_1_16' title="bbox 175 2189 1090 2274; baseline 0.003 -23"><span class='ocrx_word' id='word_1_94' title='bbox 175 2189 302 2272; x_wconf 78' lang='lat' dir='ltr'><strong>Quodsi,</strong></span> <span class='ocrx_word' id='word_1_95' title='bbox 323 2191 453 2274; x_wconf 81' lang='lat' dir='ltr'><strong>Bacche,</strong></span> <span class='ocrx_word' id='word_1_96' title='bbox 473 2194 533 2254; x_wconf 88' lang='lat' dir='ltr'><strong>tuis</strong></span> <span class='ocrx_word' id='word_1_97' title='bbox 552 2211 607 2272; x_wconf 92' lang='lat' dir='ltr'><strong>per</strong></span> <span class='ocrx_word' id='word_1_98' title='bbox 625 2193 740 2254; x_wconf 84' lang='lat' dir='ltr'><strong>fervida</strong></span> <span class='ocrx_word' id='word_1_99' title='bbox 759 2197 893 2270; x_wconf 85' lang='lat' dir='ltr'><strong>tempera</strong></span> <span class='ocrx_word' id='word_1_100' title='bbox 913 2193 1014 2274; x_wconf 86' lang='lat' dir='ltr'><strong>donis,</strong></span> <span class='ocrx_word' id='word_1_101' title='bbox 1086 2233 1090 2239; x_wconf 93' lang='lat'>-</span> 
     </span>
     <span class='ocr_line' id='line_1_17' title="bbox 214 2294 843 2375; baseline 0 -19"><span class='ocrx_word' id='word_1_102' title='bbox 214 2294 383 2358; x_wconf 77' lang='lat' dir='ltr'><strong>Arcessitus</strong></span> <span class='ocrx_word' id='word_1_103' title='bbox 403 2297 461 2357; x_wconf 89' lang='lat' dir='ltr'><strong>erit</strong></span> <span class='ocrx_word' id='word_1_104' title='bbox 481 2305 599 2358; x_wconf 88' lang='lat' dir='ltr'><strong>somnus</strong></span> <span class='ocrx_word' id='word_1_105' title='bbox 620 2297 652 2356; x_wconf 90' lang='lat' dir='ltr'><strong>in</strong></span> <span class='ocrx_word' id='word_1_106' title='bbox 673 2314 740 2358; x_wconf 88' lang='lat' dir='ltr'><strong>ossa</strong></span> <span class='ocrx_word' id='word_1_107' title='bbox 761 2313 843 2375; x_wconf 88' lang='lat' dir='ltr'><strong>mea,</strong></span> 
     </span>
    </p>

    <p class='ocr_par' dir='ltr' id='par_1_11' title="bbox 175 2394 1149 2583">
     <span class='ocr_line' id='line_1_18' title="bbox 175 2394 1149 2483; baseline 0.002 -25"><span class='ocrx_word' id='word_1_108' title='bbox 175 2397 242 2476; x_wconf 90' lang='lat' dir='ltr'><strong>lpse</strong></span> <span class='ocrx_word' id='word_1_109' title='bbox 263 2417 360 2462; x_wconf 88' lang='lat' dir='ltr'><strong>seram</strong></span> <span class='ocrx_word' id='word_1_110' title='bbox 379 2401 477 2483; x_wconf 84' lang='lat' dir='ltr'><strong>vites,</strong></span> <span class='ocrx_word' id='word_1_111' title='bbox 496 2417 683 2478; x_wconf 82' lang='lat' dir='ltr'><strong>pangamque</strong></span> <span class='ocrx_word' id='word_1_112' title='bbox 705 2416 743 2459; x_wconf 83' lang='lat' dir='ltr'><strong>ex</strong></span> <span class='ocrx_word' id='word_1_113' title='bbox 762 2398 863 2460; x_wconf 90' lang='lat' dir='ltr'><strong>ordine</strong></span> <span class='ocrx_word' id='word_1_114' title='bbox 884 2397 989 2480; x_wconf 89' lang='lat' dir='ltr'><strong>eolles,</strong></span> <span class='ocrx_word' id='word_1_115' title='bbox 1111 2394 1149 2463; x_wconf 81' lang='lat'><strong>15</strong></span> 
     </span>
     <span class='ocr_line' id='line_1_19' title="bbox 215 2499 934 2583; baseline 0 -20"><span class='ocrx_word' id='word_1_116' title='bbox 215 2502 296 2578; x_wconf 80' lang='lat' dir='ltr'><strong>Quos</strong></span> <span class='ocrx_word' id='word_1_117' title='bbox 316 2507 438 2582; x_wconf 77' lang='lat' dir='ltr'><strong>carpant</strong></span> <span class='ocrx_word' id='word_1_118' title='bbox 457 2505 573 2583; x_wconf 91' lang='lat' dir='ltr'><strong>nullae,</strong></span> <span class='ocrx_word' id='word_1_119' title='bbox 595 2521 642 2565; x_wconf 88' lang='lat' dir='ltr'><strong>me</strong></span> <span class='ocrx_word' id='word_1_120' title='bbox 662 2501 822 2581; x_wconf 81' lang='lat' dir='ltr'><strong>vigilante,</strong></span> <span class='ocrx_word' id='word_1_121' title='bbox 844 2499 934 2563; x_wconf 84' lang='lat' dir='ltr'><strong>ferae.</strong></span> 
     </span>
    </p>

    <p class='ocr_par' dir='ltr' id='par_1_12' title="bbox 173 2605 1010 2788">
     <span class='ocr_line' id='line_1_20' title="bbox 173 2605 1010 2685; baseline 0 -19"><span class='ocrx_word' id='word_1_122' title='bbox 173 2606 252 2666; x_wconf 88' lang='lat' dir='ltr'><strong>Dum</strong></span> <span class='ocrx_word' id='word_1_123' title='bbox 272 2606 357 2668; x_wconf 89' lang='lat' dir='ltr'><strong>medo</strong></span> <span class='ocrx_word' id='word_1_124' title='bbox 376 2624 523 2685; x_wconf 89' lang='lat' dir='ltr'><strong>purpureo</strong></span> <span class='ocrx_word' id='word_1_125' title='bbox 544 2610 681 2684; x_wconf 88' lang='lat' dir='ltr'><strong>spument</strong></span> <span class='ocrx_word' id='word_1_126' title='bbox 700 2605 774 2666; x_wconf 90' lang='lat' dir='ltr'><strong>mihi</strong></span> <span class='ocrx_word' id='word_1_127' title='bbox 794 2605 875 2666; x_wconf 87' lang='lat' dir='ltr'><strong>dolia</strong></span> <span class='ocrx_word' id='word_1_128' title='bbox 894 2609 1010 2685; x_wconf 82' lang='lat' dir='ltr'><strong>musto,</strong></span> 
     </span>
     <span class='ocr_line' id='line_1_21' title="bbox 214 2709 901 2788; baseline -0.003 -17"><span class='ocrx_word' id='word_1_129' title='bbox 214 2709 254 2771; x_wconf 77' lang='lat' dir='ltr'><strong>st</strong></span> <span class='ocrx_word' id='word_1_130' title='bbox 273 2729 351 2772; x_wconf 86' lang='lat' dir='ltr'><strong>nova</strong></span> <span class='ocrx_word' id='word_1_131' title='bbox 370 2716 538 2788; x_wconf 82' lang='lat' dir='ltr'><strong>pressantes</strong></span> <span class='ocrx_word' id='word_1_132' title='bbox 559 2711 695 2787; x_wconf 92' lang='lat' dir='ltr'><strong>inquinet</strong></span> <span class='ocrx_word' id='word_1_133' title='bbox 715 2727 775 2770; x_wconf 87' lang='lat' dir='ltr'><strong>uva</strong></span> <span class='ocrx_word' id='word_1_134' title='bbox 795 2709 901 2788; x_wconf 82' lang='lat' dir='ltr'><strong>pedes,</strong></span> 
     </span>
    </p>

    <p class='ocr_par' dir='ltr' id='par_1_13' title="bbox 175 2811 1152 2998">
     <span class='ocr_line' id='line_1_22' title="bbox 175 2811 1044 2894; baseline 0 -22"><span class='ocrx_word' id='word_1_135' title='bbox 175 2811 260 2887; x_wconf 80' lang='lat' dir='ltr'><strong>Quod</strong></span> <span class='ocrx_word' id='word_1_136' title='bbox 280 2819 414 2892; x_wconf 87' lang='lat' dir='ltr'><strong>superest</strong></span> <span class='ocrx_word' id='word_1_137' title='bbox 434 2815 530 2894; x_wconf 86' lang='lat' dir='ltr'><strong>vitae,</strong></span> <span class='ocrx_word' id='word_1_138' title='bbox 552 2832 605 2891; x_wconf 93' lang='lat' dir='ltr'><strong>per</strong></span> <span class='ocrx_word' id='word_1_139' title='bbox 626 2817 656 2874; x_wconf 94' lang='lat' dir='ltr'><strong>te</strong></span> <span class='ocrx_word' id='word_1_140' title='bbox 678 2817 708 2873; x_wconf 89' lang='lat' dir='ltr'><strong>et</strong></span> <span class='ocrx_word' id='word_1_141' title='bbox 728 2817 781 2874; x_wconf 92' lang='lat' dir='ltr'><strong>tua</strong></span> <span class='ocrx_word' id='word_1_142' title='bbox 799 2830 908 2874; x_wconf 86' lang='lat' dir='ltr'><strong>cornua</strong></span> <span class='ocrx_word' id='word_1_143' title='bbox 928 2811 1044 2892; x_wconf 84' lang='lat' dir='ltr'><strong>vivam,</strong></span> 
     </span>
     <span class='ocr_line' id='line_1_23' title="bbox 215 2915 1152 2998; baseline -0.001 -21"><span class='ocrx_word' id='word_1_144' title='bbox 215 2918 400 2996; x_wconf 79' lang='lat' dir='ltr'><strong>virtutisque</strong></span> <span class='ocrx_word' id='word_1_145' title='bbox 417 2924 506 2998; x_wconf 86' lang='lat' dir='ltr'><strong>tuae,</strong></span> <span class='ocrx_word' id='word_1_146' title='bbox 527 2917 657 2998; x_wconf 75' lang='lat' dir='ltr'><strong>Bacche,</strong></span> <span class='ocrx_word' id='word_1_147' title='bbox 678 2921 767 2995; x_wconf 84' lang='lat' dir='ltr'><strong>poeta</strong></span> <span class='ocrx_word' id='word_1_148' title='bbox 787 2915 875 2978; x_wconf 84' lang='lat' dir='ltr'><strong>ferar.</strong></span> <span class='ocrx_word' id='word_1_149' title='bbox 1111 2916 1152 2976; x_wconf 79' lang='lat'><strong>20</strong></span> 
     </span>
    </p>

    <p class='ocr_par' dir='ltr' id='par_1_14' title="bbox 174 3017 956 3202">
     <span class='ocr_line' id='line_1_24' title="bbox 174 3017 956 3098; baseline -0.003 -18"><span class='ocrx_word' id='word_1_150' title='bbox 174 3019 279 3081; x_wconf 89' lang='lat' dir='ltr'><strong>Dieam</strong></span> <span class='ocrx_word' id='word_1_151' title='bbox 300 3039 355 3098; x_wconf 83' lang='lat' dir='ltr'><strong>ego</strong></span> <span class='ocrx_word' id='word_1_152' title='bbox 375 3025 525 3082; x_wconf 90' lang='lat' dir='ltr'><strong>maternos</strong></span> <span class='ocrx_word' id='word_1_153' title='bbox 543 3019 676 3080; x_wconf 85' lang='lat' dir='ltr'><strong>Aetnaeo</strong></span> <span class='ocrx_word' id='word_1_154' title='bbox 696 3019 818 3079; x_wconf 87' lang='lat' dir='ltr'><strong>fulmine</strong></span> <span class='ocrx_word' id='word_1_155' title='bbox 838 3017 956 3098; x_wconf 85' lang='lat' dir='ltr'><strong>paitus,</strong></span> 
     </span>
     <span class='ocr_line' id='line_1_25' title="bbox 213 3119 823 3202; baseline -0.007 -18"><span class='ocrx_word' id='word_1_156' title='bbox 213 3123 317 3184; x_wconf 85' lang='lat' dir='ltr'><strong>Indica</strong></span> <span class='ocrx_word' id='word_1_157' title='bbox 336 3121 466 3202; x_wconf 85' lang='lat' dir='ltr'><strong>Nysaeis</strong></span> <span class='ocrx_word' id='word_1_158' title='bbox 486 3141 569 3184; x_wconf 86' lang='lat' dir='ltr'><strong>arma</strong></span> <span class='ocrx_word' id='word_1_159' title='bbox 588 3121 690 3198; x_wconf 84' lang='lat' dir='ltr'><strong>iugata</strong></span> <span class='ocrx_word' id='word_1_160' title='bbox 710 3119 823 3202; x_wconf 79' lang='lat' dir='ltr'><strong>choris,</strong></span> 
     </span>
    </p>

    <p class='ocr_par' dir='ltr' id='par_1_15' title="bbox 175 3223 1036 3409">
     <span class='ocr_line' id='line_1_26' title="bbox 175 3223 1036 3308; baseline 0.002 -21"><span class='ocrx_word' id='word_1_161' title='bbox 175 3225 382 3304; x_wconf 78' lang='lat' dir='ltr'><strong>vesanumque</strong></span> <span class='ocrx_word' id='word_1_162' title='bbox 402 3245 479 3288; x_wconf 85' lang='lat' dir='ltr'><strong>nova</strong></span> <span class='ocrx_word' id='word_1_163' title='bbox 498 3225 694 3302; x_wconf 82' lang='lat' dir='ltr'><strong>nequisquam</strong></span> <span class='ocrx_word' id='word_1_164' title='bbox 714 3225 746 3286; x_wconf 91' lang='lat' dir='ltr'><strong>in</strong></span> <span class='ocrx_word' id='word_1_165' title='bbox 765 3225 828 3286; x_wconf 85' lang='lat' dir='ltr'><strong>vite</strong></span> <span class='ocrx_word' id='word_1_166' title='bbox 848 3223 1036 3308; x_wconf 73' lang='lat' dir='ltr'><strong>Lycurgum,</strong></span> 
     </span>
     <span class='ocr_line' id='line_1_27' title="bbox 213 3311 957 3409; baseline -0.001 -19"><span class='ocrx_word' id='word_1_167' title='bbox 213 3329 361 3392; x_wconf 87' lang='lat' dir='ltr'><strong>Pentheos</strong></span> <span class='ocrx_word' id='word_1_168' title='bbox 383 3331 414 3391; x_wconf 91' lang='lat' dir='ltr'><strong>in</strong></span> <span class='ocrx_word' id='word_1_169' title='bbox 434 3329 565 3409; x_wconf 85' lang='lat' dir='ltr'><strong>triplices</strong></span> <span class='ocrx_word' id='word_1_170' title='bbox 586 3327 690 3388; x_wconf 84' lang='lat' dir='ltr'><strong>funera</strong></span> <span class='ocrx_word' id='word_1_171' title='bbox 709 3332 796 3405; x_wconf 84' lang='lat' dir='ltr'><strong>grata</strong></span> <span class='ocrx_word' id='word_1_172' title='bbox 816 3346 939 3408; x_wconf 83' lang='lat' dir='ltr'><strong>greges,</strong></span> <span class='ocrx_word' id='word_1_173' title='bbox 955 3311 957 3315; x_wconf 41' lang='grc'>’</span> 
     </span>
    </p>

    <p class='ocr_par' dir='ltr' id='par_1_16' title="bbox 173 3426 1150 3613">
     <span class='ocr_line' id='line_1_28' title="bbox 173 3426 1150 3510; baseline -0.009 -14"><span class='ocrx_word' id='word_1_174' title='bbox 173 3430 329 3510; x_wconf 71' lang='lat' dir='ltr'><strong>Curtaque</strong></span> <span class='ocrx_word' id='word_1_175' title='bbox 350 3431 521 3510; x_wconf 85' lang='lat' dir='ltr'><strong>Tyrrhenos</strong></span> <span class='ocrx_word' id='word_1_176' title='bbox 541 3430 715 3508; x_wconf 81' lang='lat' dir='ltr'><strong>delphinum</strong></span> <span class='ocrx_word' id='word_1_177' title='bbox 736 3446 856 3510; x_wconf 76' lang='lat' dir='ltr'><strong>perpera</strong></span> <span class='ocrx_word' id='word_1_178' title='bbox 877 3434 983 3491; x_wconf 80' lang='lat' dir='ltr'><strong>nautas</strong></span> <span class='ocrx_word' id='word_1_179' title='bbox 1111 3426 1150 3488; x_wconf 76' lang='lat'><strong>25</strong></span> 
     </span>
     <span class='ocr_line' id='line_1_29' title="bbox 214 3534 911 3613; baseline -0.004 -17"><span class='ocrx_word' id='word_1_180' title='bbox 214 3535 249 3596; x_wconf 92' lang='lat' dir='ltr'><strong>In</strong></span> <span class='ocrx_word' id='word_1_181' title='bbox 269 3536 347 3597; x_wconf 83' lang='lat' dir='ltr'><strong>vada</strong></span> <span class='ocrx_word' id='word_1_182' title='bbox 366 3536 526 3612; x_wconf 89' lang='lat' dir='ltr'><strong>pampinea</strong></span> <span class='ocrx_word' id='word_1_183' title='bbox 546 3534 703 3595; x_wconf 88' lang='lat' dir='ltr'><strong>desiluisse</strong></span> <span class='ocrx_word' id='word_1_184' title='bbox 724 3537 805 3613; x_wconf 85' lang='lat' dir='ltr'><strong>rste,</strong></span> <span class='ocrx_word' id='word_1_185' title='bbox 909 3542 911 3544; x_wconf 80' lang='grc'><strong>’</strong></span> 
     </span>
    </p>

    <p class='ocr_par' dir='ltr' id='par_1_17' title="bbox 174 3635 1030 3822">
     <span class='ocr_line' id='line_1_30' title="bbox 174 3635 1030 3720; baseline -0.005 -17"><span class='ocrx_word' id='word_1_186' title='bbox 174 3641 215 3704; x_wconf 80' lang='lat' dir='ltr'><strong>Et</strong></span> <span class='ocrx_word' id='word_1_187' title='bbox 234 3642 290 3704; x_wconf 90' lang='lat' dir='ltr'><strong>tibi</strong></span> <span class='ocrx_word' id='word_1_188' title='bbox 310 3659 363 3720; x_wconf 90' lang='lat' dir='ltr'><strong>per</strong></span> <span class='ocrx_word' id='word_1_189' title='bbox 382 3641 510 3701; x_wconf 87' lang='lat' dir='ltr'><strong>mediam</strong></span> <span class='ocrx_word' id='word_1_190' title='bbox 530 3640 605 3701; x_wconf 89' lang='lat' dir='ltr'><strong>bene</strong></span> <span class='ocrx_word' id='word_1_191' title='bbox 626 3639 738 3701; x_wconf 90' lang='lat' dir='ltr'><strong>olentia</strong></span> <span class='ocrx_word' id='word_1_192' title='bbox 757 3638 879 3700; x_wconf 86' lang='lat' dir='ltr'><strong>flumina</strong></span> <span class='ocrx_word' id='word_1_193' title='bbox 898 3635 1030 3716; x_wconf 58' lang='lat' dir='ltr'><strong>Nemus</strong></span> 
     </span>
     <span class='ocr_line' id='line_1_31' title="bbox 215 3743 895 3822; baseline -0.01 -14"><span class='ocrx_word' id='word_1_194' title='bbox 215 3745 301 3808; x_wconf 91' lang='lat' dir='ltr'><strong>Unde</strong></span> <span class='ocrx_word' id='word_1_195' title='bbox 321 3749 404 3808; x_wconf 87' lang='lat' dir='ltr'><strong>tuum</strong></span> <span class='ocrx_word' id='word_1_196' title='bbox 424 3748 528 3822; x_wconf 86' lang='lat' dir='ltr'><strong>potant</strong></span> <span class='ocrx_word' id='word_1_197' title='bbox 547 3743 647 3804; x_wconf 88' lang='lat' dir='ltr'><strong>Naxia</strong></span> <span class='ocrx_word' id='word_1_198' title='bbox 667 3744 755 3804; x_wconf 87' lang='lat' dir='ltr'><strong>turba</strong></span> <span class='ocrx_word' id='word_1_199' title='bbox 774 3758 895 3805; x_wconf 89' lang='lat' dir='ltr'><strong>merum.</strong></span> 
     </span>
    </p>
   </div>
   <div class='ocr_carea' id='block_1_4' title="bbox 0 0 1326 4396">
    <p class='ocr_par' dir='ltr' id='par_1_18' title="bbox 0 0 1326 4396">
     <span class='ocr_line' id='line_1_32' title="bbox 0 0 1326 4396; baseline 0 0"><span class='ocrx_word' id='word_1_200' title='bbox 0 0 1326 4396; x_wconf 95' lang='lat' dir='ltr'><strong> </strong></span> 
     </span>
    </p>
   </div>
  </div>
 </body>
</html>
