2640 4400
1048 347 1131 392 1111

78 499 274 576 antemquin
288 499 427 560 libmrum
444 499 551 560 divisio
568 501 688 576 vulgata
705 517 763 560 non
779 499 832 560 illa
843 499 962 576 quidem
973 507 1032 580 est,
1043 519 1131 578 quam

40 602 139 664 Codex
157 602 372 680 Neapolitanus
392 602 452 662 dat.
484 601 520 662 In
540 603 736 678 Neapolitano
756 601 823 663 linis
838 602 877 663 ab
894 602 978 662 initio
992 602 1131 663 librorum

40 705 230 784 distinguitur
248 706 419 783 interposito
440 705 548 786 spatio,
566 706 710 767 editiones
726 723 827 767 omnes
837 706 997 783 impressae
1007 706 1132 783 primum

40 809 146 869 librum
172 809 334 882 absolvunt¹
354 809 480 886 elegidio
511 809 560 871 Ad
590 811 710 870 'lullum
740 810 842 881 Qualis
868 816 896 870 et
921 811 997 870 unde
1022 827 1131 888 penum

41 913 254 990 Neapolitanus
283 913 395 990 nullum
426 913 468 973 ibi
504 913 631 990 spatium
667 913 840 992 interponit3
871 913 1012 990 relinquit
1036 916 1133 972 autem

41 1021 105 1091 post
125 1017 155 1076 Χ
175 1015 303 1078 Secundi
324 1015 391 1076 edd.
411 1017 511 1092 uulgg.
534 1016 603 1095 (XX
615 1015 681 1076 Lib.
697 1016 785 1076 Prim.
798 1015 1054 1094 lstepuodestopo
1065 1014 1133 1094 sur).

79 1125 115 1184 In
152 1123 260 1186 Codice
298 1123 508 1200 drodingam,
545 1126 691 1184 vetustate
728 1123 874 1202 seeundo,
910 1123 988 1182 idem
1018 1122 1134 1182 accidit.

42 1227 248 1304 Groninganus
284 1227 400 1303 singula
436 1225 567 1286 carmina
603 1225 687 1286 brevi
723 1227 818 1302 spatio
847 1227 949 1288 relicto
979 1226 1136 1303 disjungit,

42 1334 153 1410 maj0re
190 1317 321 1407 singulos
351 1331 451 1391 libros.
493 1329 620 1390 Perinde
651 1349 686 1390 ac
717 1331 928 1407 Neapolitanus
958 1330 1088 1389 Primus
1118 1347 1137 1387 a

43 1432 179 1494 Secundo
204 1452 262 1494 non
288 1438 406 1510 separat
431 1431 470 1492 ad
490 1433 616 1508 elegiam
638 1432 683 1492 Ad
707 1431 836 1512 Tullum,
858 1433 911 1494 sed
930 1450 1019 1492 manu
1037 1449 1146 1500 recen-⁸

42 1535 114 1596 tiore
141 1535 186 1596 ibi
213 1535 303 1596 rubra
326 1536 436 1596 lineola
460 1536 549 1596 ducta
574 1536 645 1614 fuit,
668 1537 792 1614 adjectis
813 1536 925 1597 verbis:
946 1535 1030 1595 Finis
1048 1534 1138 1612 primi

44 1638 110 1698 libri
147 1657 232 1716 prop.
271 1657 336 1700 aruo.
374 1640 414 1698 iu.
453 1641 602 1700 secundus.
644 1641 691 1699 En
722 1641 958 1716 interpolatorem
1001 1637 1138 1714 flagranti

42 1742 166 1802 crimine
196 1741 444 1818 comprehensum.
486 1740 691 1818 Groninganus
722 1743 934 1820 quinquaginta
967 1743 997 1800 et
1022 1744 1138 1800 centum

43 1846 162 1905 circiter
192 1845 277 1906 annis
304 1850 370 1922 post
399 1845 626 1922 Neapolitanum
657 1847 821 1923 descriptus
849 1845 916 1925 fuit3
942 1844 1011 1905 huic
1037 1843 1139 1904 doctus

43 1950 87 2007 vir
107 1948 161 2007 vel
186 1947 324 2007 librarius
348 1947 522 2009 divisionem
548 1967 630 2009 suam
656 1950 791 2027 inseruit,
819 1949 945 2009 monitus
969 1965 1071 2008 versu:
1100 1945 1140 2006 Et

46 2051 123 2128 turpi
146 2051 182 2110 de
204 2060 231 2110 tc
250 2051 310 2126 ium
333 2050 404 2110 libor
425 2052 500 2112 ulter
521 2052 576 2112 crit
596 2053 709 2129 elegiae
726 2053 784 2112 VII
799 2052 865 2112 Lib.
881 2051 945 2111 See.
963 2051 1007 2131 (H
1017 2047 1139 2129 Oodd.):

49 2152 103 2222 Qui
124 2151 243 2212 nullum
265 2152 316 2212 titi
337 2152 459 2213 dicebas
495 2153 753 2214 Animadverterat
774 2155 851 2214 enim
872 2152 1035 2213 sententiae
1055 2168 1140 2228 repu-

46 2255 199 2330 gnantiam
229 2273 296 2315 cum
325 2256 530 2317 distributione
557 2277 575 2316 a
603 2257 779 2317 membranis
808 2259 937 2334 servata,
973 2255 1069 2315 lubitu
1089 2272 1141 2315 suo

47 2357 225 2418 emendavit.
255 2359 360 2435 Neque
381 2377 447 2420 eum
467 2359 541 2420 forte
561 2359 714 2436 praeteriit
734 2359 928 2435 repugnantia
948 2359 1062 2434 elegiae
1083 2357 1142 2416 ΧΠ

48 2461 190 2522 Secundi:
222 2461 276 2522 Sat
301 2481 380 2541 meo,
407 2471 453 2523 sut
478 2481 587 2540 mapsa
613 2469 669 2541 ost,
700 2463 725 2522 sl
747 2471 805 2522 tros
826 2462 884 2521 sirit
905 2481 1010 2540 persepe
1033 2461 1141 2529 libella

6 2597 7 2604 .
48 2565 98 2624 sed
118 2564 239 2624 medela
259 2563 337 2624 baud
358 2565 400 2624 ita
420 2564 515 2626 facilis
535 2566 708 2643 parabatur,
730 2583 825 2642 neque
846 2583 935 2626 ausus
956 2565 1011 2626 fuit
1031 2571 1091 2626 tres
1111 2565 1142 2624 in

49 2673 187 2746 quattuor
206 2668 298 2728 libros
317 2669 476 2728 lancinare.

6 2763 7 2852 ζ
87 2775 261 2851 incognitus
284 2772 425 2850 Cyretbiuc
445 2775 610 2852 restitutor,
633 2775 669 2834 de
686 2793 743 2852 quo
758 2776 948 2853 conjectando
960 2776 1143 2854 disserimus,

6 2861 7 2896 ³
50 2879 126 2940 foliis
159 2877 292 2938 discissis
323 2882 353 2937 et
382 2879 520 2938 laceratis
544 2878 729 2956 incumbens,
756 2898 809 2956 pro
835 2879 947 2938 viribus
973 2882 1003 2938 et
1028 2878 1144 2954 ingenio

6 3023 7 3066 7
51 2983 201 3058 elegorum
220 2981 384 3058 fragmenta
404 3000 480 3058 quae
499 2982 682 3060 inveniebat,
703 2984 746 3042 ita
762 2983 926 3062 conjunxit,
937 2987 971 3042 ut
980 2982 1144 3042 absolutum

51 3103 170 3144 carmen
196 3083 352 3144 efficerent.
376 3084 412 3145 In
436 3084 491 3146 hoc
510 3089 609 3145 tamen
629 3104 687 3144 non
708 3086 798 3146 semel
818 3085 933 3163 haesit,
955 3103 1009 3145 neo
1031 3103 1146 3162 semper

52 3185 244 3246 distichorum
265 3186 396 3246 ordinem
417 3187 562 3246 sincerum
582 3186 670 3263 vidit,
688 3186 1146 3262 aliquandononreoteooeuntia

6 3303 7 3310 ¹
52 3290 281 3368 conglutinavit,
303 3290 448 3350 interdum
469 3295 499 3350 et
518 3290 725 3366 discrepantia.
745 3290 900 3350 Extabant
914 3291 1059 3368 carmina,
1077 3306 1146 3365 quo-

53 3411 114 3453 rum
142 3393 230 3453 modo
255 3392 370 3452 initium
390 3392 475 3452 modo
495 3391 562 3452 finis
582 3392 817 3470 desiderabatur,
844 3393 953 3469 quippe
977 3392 1079 3452 folium
1099 3391 1149 3450 vel

6 3521 7 3574 p
53 3495 114 3555 folii
143 3514 213 3572 pars
239 3513 342 3554 versus
367 3493 615 3571 comprehendens
635 3495 776 3574 perierat3
798 3500 860 3555 tum
881 3497 950 3556 novi
972 3495 1148 3570 exemplaris

6 3593 8 3618 ³
54 3599 212 3660 instructor
242 3598 402 3657 versiculos
430 3603 560 3658 errantes
592 3598 775 3674 transcripsit
805 3600 1032 3677 postreliquos,
1054 3598 1149 3657 itaut
1259 3639 1261 3645 ,

6 3677 7 3752 Ῠ
55 3721 175 3764 numero
200 3718 339 3762 versuum
364 3699 460 3776 elegia
491 3701 630 3777 compleri
660 3701 824 3781 videretur,
856 3719 891 3762 eo
918 3705 1071 3762 contentus
1091 3717 1149 3760 nou
