2624 4398
559 361 597 422 61

34 536 137 588 dicendae
153 539 210 587 snnt
225 536 280 587 illae
296 535 471 600 conjmetionss
488 536 553 595 stne,
570 551 625 596 reu,
643 535 726 602 septies
742 535 865 602 repetitos,
879 533 945 586 nollo
953 551 1007 586 enm
1014 533 1126 586 orationis

34 621 155 680 vametote,
177 621 251 669 immo
275 619 380 669 emtione
396 619 512 682 disjuncta
529 622 553 669 et
568 619 657 670 hiante.
691 619 745 683 Qua
761 618 789 666 do
806 633 874 668 oanan
890 619 996 669 existimo
1013 618 1126 667 sineerom

34 700 152 752 lectionem
168 703 249 754 ruisse:
275 703 301 750 Si
317 701 409 751 rideam
431 702 539 767 Repono:
559 701 585 749 Si
601 701 694 750 rideam
713 701 767 750 Coto
776 701 912 766 sulpeotem
929 700 1039 750 incedere
1053 698 1126 748 uoto.

36 784 96 833 Nota
111 785 184 834 vestis
200 784 243 832 illo
259 788 295 833 est
311 784 339 833 de
353 799 399 848 qua
413 783 470 847 eleg.
485 785 507 832 X
520 783 572 832 Lib.
587 783 670 833 Tertii:
686 782 761 842 Dein,
776 799 824 848 qua
836 782 937 846 primum
952 783 1031 832 oeulos
1044 779 1127 846 cepisti

36 872 106 925 uerte,
124 865 251 932 Properti,
267 866 359 924 Indue,
377 867 401 914 et
418 863 446 914 el.
465 866 543 915 XVII
561 865 613 915 Lib.
631 867 681 915 See.
699 865 792 914 ostrina
808 881 860 914 oum
870 864 925 930 ficit
941 864 967 912 in
983 863 1075 914 turrira.

65 955 106 1004 12.
139 955 213 1005 (lton.
229 957 253 1004 et
269 957 345 1021 Neop.
361 955 416 1006 Hor
431 959 506 1006 totum
521 972 536 1005 e
553 957 617 1013 θοις
635 954 763 1004 Vossianus
779 953 816 1004 1v
834 957 857 1004 ot
874 955 909 1006 V:
932 953 1018 1005 Totum
1028 954 1124 1004 deCoa.

67 1043 108 1092 13.
140 1042 214 1092 Codd.
231 1043 285 1094 Seu.
399 1047 402 1054 '

375 1227 690 1296 ELEGIA
739 1229 783 1294 11.

403 1362 456 1408 ⁴nu
478 1361 755 1410 msnonnsnnsr.

314 1460 397 1524 (core
430 1462 514 1511 emm.
549 1465 573 1512 e
605 1463 703 1518 uuum.
738 1463 766 1521 1,
797 1462 844 1523 11.)

68 1573 240 1638 Redintegmtio
257 1572 342 1638 elegiae
358 1574 403 1623 hoo
419 1577 513 1624 tantum
530 1572 574 1623 sibi
590 1574 712 1640 poscebat,
730 1574 896 1640 utdnoprima
908 1572 1021 1631 disticho,
1035 1585 1093 1638 quoe

104 1655 176 1706 Codd.
194 1658 249 1721 post
265 1672 289 1704 v.
306 1656 339 1704 28
357 1657 398 1719 (42
416 1657 678 1718 Cenomanorum
696 1657 773 1706 sedem
789 1673 856 1706 suam
871 1655 1054 1706 traducerentur.

150 1777 263 1837 Navita
282 1777 320 1837 de
340 1778 451 1857 ventis,
473 1778 510 1838 de
532 1779 624 1840 tauris
644 1783 745 1838 namot
764 1784 877 1858 arator,

191 1881 355 1943 Enumerat
374 1883 460 1944 miles
481 1885 620 1963 vulnera,
640 1888 741 1960 pastor
760 1901 845 1963 oros3
894 1949 896 1952 ,

151 1986 214 2048 Nos
235 1989 338 2047 eontra
357 1990 482 2063 angusto
501 1991 654 2048 versantes
674 1987 788 2064 praeha
807 1986 899 2046 leoto:

193 2089 260 2165 Qua
279 2094 348 2167 pote
369 2090 512 2168 quisque,
533 2091 565 2150 in
585 2108 622 2150 ea
642 2094 773 2151 conterat
793 2093 856 2148 arte
876 2088 964 2148 diem.

153 2191 239 2267 Quod
259 2193 333 2253 mihi
353 2194 529 2272 sitantum,
550 2193 721 2272 Maecenas,
741 2194 803 2254 fata
823 2193 986 2270 dedissent,
1107 2188 1126 2248 5

192 2297 234 2356 Ut
253 2313 370 2372 possem
390 2294 496 2356 heroas
516 2296 623 2357 dooere
643 2297 675 2356 in
695 2315 778 2357 arma
797 2313 917 2374 manns,

152 2399 220 2458 Non
241 2415 295 2474 ego
316 2397 441 2458 Titanas
461 2415 608 2478 oanerem,
629 2418 687 2460 non
707 2398 803 2460 Ossan
823 2397 949 2476 Olympo

155 2562 157 2566 ,
193 2499 379 2579 Impositam,
400 2504 434 2560 ut
452 2501 528 2560 oaoli
547 2501 651 2562 Pelion
671 2505 749 2562 esset
769 2502 841 2582 iter3

153 2604 221 2663 Non
239 2606 355 2662 veteres
376 2601 511 2681 Thebas,
531 2621 586 2663 neo
606 2604 766 2682 Pergama,
787 2621 894 2664 nomen
912 2589 1049 2681 Homeri,

192 2706 301 2767 Xerxis
322 2711 352 2766 et
372 2707 493 2784 imperio
513 2708 584 2768 bina
604 2708 698 2769 ooisse
718 2708 811 2788 vada3
1088 2703 1128 2762 10

153 2813 294 2888 Regnare
313 2810 409 2886 prima
429 2811 514 2870 Remi
535 2816 586 2871 aut
606 2812 718 2871 animos
739 2810 927 2887 Carthaginis
947 2809 1040 2886 altae,

192 2912 431 2987 Cimbrorumque
452 2912 546 2974 minas
568 2917 597 2974 et
616 2913 771 2974 benefacta
789 2914 876 2974 Mari.

154 3016 296 3092 Bellaque
316 3031 422 3091 resque
442 3016 486 3076 tui
506 3033 696 3078 memorarem
717 3016 869 3096 Caesaris,
891 3021 921 3078 et
941 3021 974 3078 tu

191 3116 317 3178 Caesare
338 3118 393 3177 sub
413 3137 519 3195 magno
540 3138 610 3180 eura
630 3121 759 3181 seeundo
778 3121 873 3182 forest

152 3221 230 3281 Nam
250 3222 366 3299 quoties
386 3223 530 3283 Mutinam
550 3229 620 3303 aut,
642 3225 743 3285 oivilia
762 3226 863 3306 busta,
884 3222 1052 3302 Philippos,
1085 3223 1122 3284 15

192 3323 254 3385 nur
273 3343 408 3385 canerem
429 3325 545 3386 Sieulae
566 3328 689 3388 elassioa
708 3330 776 3388 vela
795 3327 899 3408 fugae,

152 3423 336 3503 Eversosque
356 3427 434 3488 fooos
454 3429 594 3506 antiquae
614 3431 711 3507 gentis
730 3432 890 3508 Etrusoao,

191 3527 254 3589 Ant
272 3529 478 3591 Ptolemaee'ae
498 3532 587 3592 litora
607 3537 693 3609 oapta
713 3533 820 3613 Phari;

151 3627 213 3692 Aut
228 3649 362 3691 canerem
377 3631 487 3692 vietum
503 3636 532 3692 et
546 3633 661 3712 Nilum,
680 3652 746 3694 oum
760 3639 871 3697 traotus
886 3635 917 3695 in
933 3635 1035 3696 urbem

191 3733 311 3813 Septem
330 3735 456 3812 captivis
476 3735 584 3796 debilis
604 3736 667 3796 ibat
687 3737 788 3816 aquis,
1087 3735 1127 3795 20
