2642 4396
562 343 621 414 178

160 522 330 588 onimium
349 527 447 588 nermo
467 525 584 588 felicem
605 529 737 607 tempore
757 529 894 610 Romam,

201 629 234 692 Si
254 635 355 694 contra
374 649 470 694 morea
491 649 551 694 una
570 632 671 712 puella
690 631 777 696 faciti

159 733 243 796 Haeo
263 734 366 797 eadem
386 739 456 798 ante
476 735 559 798 illam
578 735 699 814 impune
719 743 750 798 el
769 737 881 800 Leabia
899 737 986 802 feeit:

201 835 285 912 Quae
305 839 438 915 sequitur
457 841 537 900 certe
557 842 603 899 eat
622 838 770 902 invidiosa
789 840 896 902 minua.

161 939 220 1018 Qui
240 941 355 1019 quaerit
375 941 480 1002 Tatios
501 945 615 1003 veteres
636 942 782 1020 durosque
803 941 944 1024 Sabinos,

179 1043 259 1136 ‚Hic
276 1043 374 1122 posuit
393 1048 493 1106 nostra
512 1062 605 1124 nuper
625 1046 657 1106 in
675 1045 747 1106 urbe
767 1046 882 1126 pedem.

103 1153 109 1165 “
160 1147 209 1210 Τιι
229 1148 311 1228 priua
331 1152 362 1211 et
380 1149 486 1210 fluctus
505 1149 616 1226 poteria
635 1149 747 1212 siccare
767 1150 911 1229 marinos,
988 1179 990 1183 ·

200 1251 330 1330 Altaque
350 1251 467 1314 mortali
489 1252 620 1328 deligere
641 1256 721 1314 aetra
740 1269 846 1332 manu,

164 1351 261 1430 Quem
280 1355 377 1417 facere
397 1359 430 1416 nt
450 1359 566 1416 nostrae
586 1355 680 1415 nolint
699 1371 822 1432 peccare
842 1353 975 1432 puellae:

204 1459 261 1520 Hic
281 1477 343 1520 moa
364 1457 490 1521 Saturno
509 1477 601 1536 regna
619 1463 739 1520 tenente
760 1458 835 1539 fuit,

161 1561 202 1623 Iit
221 1579 288 1624 cum
307 1561 497 1624 Deucalionis
517 1579 614 1638 aquae
633 1561 746 1624 fluxere
765 1579 820 1641 per
839 1562 955 1644 orbem,

201 1665 243 1728 lit
261 1671 328 1744 post
348 1667 486 1744 antiquae
505 1666 695 1729 Deucalionis
716 1684 820 1744 aquas.

160 1769 218 1832 Dic
237 1767 311 1830 mihi
322 1814 330 1850 ‚
351 1771 418 1848 quia
438 1771 545 1848 poterit
565 1771 672 1832 lectum
692 1788 811 1834 servare
831 1769 987 1852 pudicum,

202 1873 286 1950 Quae
305 1873 372 1936 Dea
391 1893 457 1937 oum
476 1876 538 1937 eolo
558 1875 660 1937 vivere
680 1877 744 1938 eola
763 1876 852 1938 Deo?

162 1977 291 2040 Uxorem
311 1979 458 2056 quondam
478 1979 577 2056 magni
598 1980 720 2061 ldinoia,
741 1985 775 2044 ut
794 1980 877 2059 ajunt
883 2024 892 2060 ,

201 2079 338 2159 Corrupit
356 2081 433 2144 torvi
453 2082 581 2143 candida
599 2082 693 2145 forma
712 2083 805 2144 bovis.

161 2184 226 2246 Neo
245 2186 342 2246 minua
362 2189 462 2246 aerato
482 2185 585 2246 Danae
605 2185 787 2247 circumdata
807 2201 890 2246 muro

201 2287 270 2350 Non
288 2288 385 2366 potuit
404 2305 511 2366 magno
530 2294 615 2350 easta
634 2273 744 2365 repere
764 2289 829 2349 deo.

163 2387 275 2468 Quodsi
295 2396 328 2452 tu
348 2389 454 2469 Graiae
474 2394 564 2468 tuque
585 2408 617 2452 es
638 2390 754 2452 imitata
774 2390 915 2470 Latinae,

203 2493 326 2571 Semper
345 2493 414 2554 vive
434 2511 499 2556 meo
519 2492 615 2555 libera
629 2492 753 2572 judicio.

87 2747 118 2808 3,
136 2743 163 2796 4.
197 2741 279 2796 Itonia
302 2743 402 2795 duorum
426 2757 537 2794 verarum
560 2741 644 2794 fefellit
665 2740 703 2793 vel
719 2740 865 2793 doctissimoa
881 2740 958 2803 viror,
975 2739 1016 2807 qni
1031 2739 1135 2808 argutati

38 2834 93 2882 aunt
111 2829 242 2896 Cynthium
258 2827 363 2878 veneficii
378 2826 520 2894 postulatum
536 2825 615 2876 finiere.

87 2919 114 2971 5.
151 2921 225 2968 Gron.
243 2920 318 2976 lum
331 2918 411 2982 *Neap
428 2917 492 2966 luae.
672 2965 674 2970 ,

87 3009 113 3060 8.
151 2997 314 3058 Sicedcoreto
329 3006 402 3056 Godd.
415 3005 841 3072 aimdcdecorerepoeuitSantenine.
869 3003 985 3056 Palmaria
999 3004 1138 3056 emendatio.

87 3101 114 3150 9.
151 3099 224 3147 Gron.
241 3098 348 3163 quamodo
364 3102 476 3162 corrupta
481 3117 490 3154 ;
508 3099 584 3162 Neap.
595 3097 683 3162 fertur
699 3102 828 3164 compta5
846 3096 907 3162 quod
923 3097 1029 3163 praefero
1042 3098 1066 3144 et
1076 3096 1135 3144 Pro·

39 3183 130 3248 pertiae
148 3179 278 3247 depromsit
294 3195 308 3229 a
324 3177 448 3232 Theocrito
466 3177 503 3230 Id.
523 3179 552 3238 Ι,
571 3179 628 3229 105.
728 3229 729 3232 ,

71 3273 113 3321 11.
151 3271 225 3319 Gron.
244 3269 354 3324 Quamvis
369 3269 419 3318 Ida
435 3268 535 3325 Parim
558 3269 634 3334 Neup.
658 3267 767 3323 &amore
782 3268 832 3319 Ida
853 3267 930 3326 Pari:
948 3265 1077 3316 Vaticanus
1092 3264 1138 3327 11,

40 3353 180 3404 Colotianne
188 3388 194 3410 ‚
203 3353 227 3400 et
239 3349 360 3413 Perrejua:
370 3349 477 3414 quamue}
485 3353 515 3399 te.
535 3347 615 3399 Venus
624 3349 732 3399 Paridem
741 3363 788 3400 nou
798 3350 908 3417 deperiit,
921 3365 1003 3400 rernm
1012 3348 1138 3398 Anchisen.

40 3439 194 3504 Quapropter
210 3433 352 3482 Schraderua
369 3433 500 3488 emendarit
517 3431 647 3498 Prhppcu,
664 3449 748 3498 nempe
764 3435 854 3483 Aeneae
869 3435 968 3499 patrem.
984 3429 1136 3498 Propertium

39 3519 181 3570 meminerat
197 3515 315 3566 'l'hcocriti
333 3515 369 3566 Id.
388 3514 475 3575 1,105
492 3517 516 3563 et
533 3515 591 3572 XX,
601 3515 641 3564 34.
660 3515 802 3581 Nuperrime
820 3515 936 3565 Robertna
953 3515 1064 3580 Ungerus
1080 3529 1136 3564 oon-

37 3601 109 3664 jacite
142 3597 253 3654 Quamvis
277 3601 301 3648 te
324 3597 389 3656 Ida,
415 3598 516 3646 Parem.
553 3595 629 3646 Venno
652 3597 757 3657 Pareae,
783 3597 871 3660 seilicet
891 3598 1024 3650 Aeneadum
1046 3599 1138 3656 mater,

41 3682 158 3749 genetrix.
189 3679 337 3745 Ingenioaam
362 3679 544 3729 emendationem
568 3694 615 3728 non
639 3679 728 3745 recepi,
753 3679 808 3745 quia
832 3679 896 3728 Julia
921 3696 990 3746 gena,
1021 3678 1137 3728 Venerem

38 3769 165 3831 parerem
180 3761 307 3822 vocabunt,
331 3777 379 3812 non
395 3761 509 3822 Romani⁸
525 3777 599 3827 neque
615 3761 766 3829 Propertium
784 3761 824 3828 qni
840 3760 877 3813 nl.
896 3760 996 3812 XXVII
1014 3759 1067 3810 Lib.
1084 3761 1136 3811 See.
