2640 4400
1031 384 1144 428 111111

53 540 177 620 quodam
195 541 275 602 cultu
292 537 441 618 venerari,
462 537 650 614 criminisque
671 539 792 598 maximi
812 538 950 600 facinoris
965 539 1147 620 insimulari,

53 648 76 707 si
106 646 175 722 quis
205 643 307 706 foedas
337 642 439 704 sordes
470 643 550 702 eluat
580 641 740 703 scribarum
768 643 945 719 imperitiam
972 642 1148 705 redolentes.

53 747 192 809 conicum
212 745 398 808 observantie
418 745 448 805 in
469 744 705 820 superstitionem
726 745 834 805 desinit
855 749 884 806 et
902 746 1064 808 calamitati
1081 764 1147 809 esse

54 852 140 930 solet,
160 851 219 910 nisi
240 849 279 910 ab
298 853 362 908 arto
383 848 485 908 critica
505 845 612 908 callide
631 847 751 924 regitur.
784 847 912 908 Sacrum·
927 852 958 908 et
974 849 1147 911 inviolatum

55 953 164 1012 habere
195 951 272 1028 quod
299 950 440 1011 absonum
467 953 498 1009 et
522 954 623 1011 contra
647 949 789 1010 rationem
815 954 873 1029 est,
900 969 958 1011 non
978 952 1073 1028 magis
1093 954 1148 1014 sci-

55 1061 115 1116 tum
130 1055 250 1114 videtur
263 1055 295 1114 in
310 1053 418 1132 literis,
434 1070 522 1129 quam
544 1053 575 1113 in
594 1051 746 1130 republica
765 1057 816 1113 ant
835 1053 867 1112 in
884 1053 1040 1133 religione,
1058 1053 1148 1129 idque

55 1157 166 1218 nullum
181 1161 355 1232 negaturum
371 1173 488 1235 censeo,
505 1155 551 1217 cui
563 1150 695 1218 nascenti
705 1155 855 1218 Musarum
868 1154 1015 1218 Candidas
1026 1163 1148 1235 orpetaa

55 1260 177 1320 sternuit
199 1277 281 1320 omcu
302 1259 401 1320 Amor.

93 1363 195 1424 Ausus
212 1363 348 1423 deserere
368 1363 567 1440 manuscripta
586 1363 728 1442 vestigia,
750 1361 781 1423 in
801 1379 889 1441 opero
909 1379 981 1424 sano
1001 1363 1150 1440 implicato

55 1483 107 1526 nec
128 1466 239 1534 cursim
255 1465 432 1543 perficiendo
448 1467 599 1543 paululum
614 1467 719 1528 auxilii
739 1486 758 1526 a
778 1466 979 1528 decessoribus
999 1467 1149 1545 derivavi,

55 1569 151 1646 quoad
161 1569 323 1630 carminum
338 1569 631 1648 redintegrationem,
648 1587 841 1646 versuumque
851 1570 983 1630 ordinem
993 1571 1148 1631 restituen-

56 1674 140 1752 dum,
161 1673 322 1732 maximnm
343 1689 412 1732 vero
433 1672 464 1732 in
483 1671 638 1732 verborum
659 1672 869 1733 emendatione.
889 1673 1004 1750 Nempe
1019 1673 1150 1734 delectus

56 1780 85 1835 et
104 1775 262 1852 multiplex
283 1775 460 1836 eruditorum
480 1776 584 1837 chorus
605 1795 623 1834 a
643 1776 772 1836 Domitio
792 1775 946 1837 Oalderino
969 1780 999 1836 et
1014 1775 1152 1854 Philippo

9 1917 10 1920 κ
57 1877 201 1940 Beroaldo
227 1878 266 1938 ad
291 1878 474 1940 Friderioum
500 1896 593 1956 usque
613 1877 766 1939 Jacobium
787 1884 817 1939 et
837 1878 1026 1940 Guilielmum
1047 1881 1152 1940 Horta-

57 1981 190 2057 berginm
215 1981 247 2039 in
272 1981 508 2042 insolentioribus
523 1981 616 2041 ¹uitiis
644 1980 777 2042 delendis
805 1982 962 2058 diligentes
988 2001 1073 2044 ouras
1099 1985 1152 2044 im-

57 2085 167 2160 pendit
189 2084 334 2160 Pleraque
350 2090 449 2146 tamen
464 2084 603 2144 immania
623 2089 757 2161 portenta
778 2085 809 2144 in
829 2087 957 2162 vulgatis
976 2087 1153 2148 editionibus

57 2187 166 2247 intacta
186 2190 318 2264 manent,
345 2186 414 2246 dnm
440 2186 633 2248 correctiones
653 2187 822 2264 ingeniosae
843 2192 874 2248 et
892 2205 1037 2266 persaepe
1057 2190 1150 2250 veria·

57 2288 147 2348 simae
167 2289 200 2347 in
219 2291 353 2348 notarum
373 2287 520 2364 farragine
541 2285 686 2350 desidiose
704 2290 805 2350 latent.
822 2289 834 2330 ¹
858 2289 921 2352 Has
940 2290 972 2350 in
986 2294 1154 2352 contextum

56 2391 190 2470 badum,
216 2409 311 2468 neque
335 2409 418 2454 meas
442 2392 564 2471 protuli,
591 2392 649 2453 nisi
677 2394 793 2469 quando
820 2393 876 2454 loci
902 2393 1041 2470 expolitio
1068 2393 1155 2454 aliter

58 2493 267 2568 persuadebat3
288 2494 398 2571 pluries
419 2499 517 2554 tamen
538 2511 627 2570 quam
645 2495 752 2555 vellem
768 2495 936 2574 emendavi,
957 2495 1013 2557 hoc
1033 2495 1155 2556 consilio

59 2615 126 2658 usus
153 2603 188 2658 ut
212 2597 311 2657 omnia
335 2601 439 2658 sanata
463 2598 643 2676 legerentur,
672 2615 748 2674 quae
776 2597 933 2659 absurdam
961 2598 1151 2677 sententiam,

59 2703 105 2760 uel
134 2720 201 2761 eam
228 2700 400 2778 redderent,
427 2717 515 2778 quam
540 2700 710 2777 Propertius
736 2701 785 2760 vel
812 2701 1033 2778 qualiscumque
1058 2701 1153 2762 minor

9 2817 10 2850 1
59 2807 145 2878 poeta
174 2802 353 2879 repudiaret
394 2801 542 2878 Religiose
570 2805 668 2862 autem
694 2801 732 2861 ab
757 2802 823 2862 aliis
848 2807 981 2864 mutuata
1006 2803 1153 2884 indicavi,

9 3003 10 3030 ³
93 3021 102 3047 ¹
130 3014 160 3064 In
177 3013 286 3065 manibus
302 3030 393 3081 quoque
409 3013 480 3065 habui
497 3011 626 3081 praeclaras
643 3014 828 3074 emendationes,
845 3029 901 3080 quos
918 3015 1004 3065 Petrus
1019 3013 1154 3066 Ponteinius

59 3095 178 3164 inscripsit
202 3098 302 3162 margini
328 3097 466 3164 exemplaris
492 3097 611 3164 Propertii
632 3097 818 3156 Broukhnsiuni,
835 3097 897 3162 quod
916 3101 952 3148 est
967 3098 993 3148 in
1009 3096 1156 3146 Bibliotheca

59 3179 165 3229 eeclesiae
182 3179 417 3246 Teleiobaptistarum
434 3179 663 3230 Amstelodomonsis.
683 3179 782 3230 Librum
796 3179 942 3230 humanitate
956 3179 980 3229 J.
996 3181 1023 3228 C.
1039 3179 1067 3228 G.
1076 3178 1156 3235 Bootii

58 3260 226 3327 inspiciendum
244 3260 340 3312 obtinui.
358 3264 436 3326 Atque
449 3262 488 3313 hio
503 3261 630 3312 clarissimo
644 3265 668 3312 et
682 3262 816 3312 doctissimo
830 3262 893 3321 viro,
911 3259 1072 3327 quiinlatinis
1081 3261 1156 3310 literis

59 3343 178 3408 antiquam
204 3345 348 3394 Batavorum
374 3343 473 3410 gloriam
499 3345 593 3404 essent,
620 3348 714 3409 gratum
739 3344 843 3394 animum
867 3360 945 3393 meum
968 3346 1079 3394 testatum
1102 3343 1156 3393 volo

9 3425 10 3472 l
60 3424 99 3486 (nil
121 3426 184 3474 enim
202 3425 265 3476 aliud
281 3429 349 3492 queo)
364 3426 394 3477 ob
410 3427 518 3478 eximiam
534 3427 679 3478 uoluntatem
696 3431 720 3476 et
736 3425 932 3485 benevolentiam,
949 3441 996 3490 quo
1011 3415 1089 3475 studio
1104 3441 1156 3474 mea

9 3541 10 3558 2
60 3507 215 3574 Propertiena
232 3509 329 3572 adjuvit.
365 3511 426 3558 Dato
448 3509 566 3560 occasione
588 3507 675 3574 gratiae
697 3524 767 3573 aeque
783 3523 851 3572 agam
869 3507 994 3558 Guiliolmo
1011 3507 1154 3572 Holtropio,

9 3565 10 3644 1
60 3602 133 3654 nuper
149 3589 236 3653 Regiae
252 3590 365 3654 Hogonae
382 3589 541 3641 Bibliothecae
553 3592 685 3649 Praefecto,
699 3590 789 3640 erudito
805 3589 924 3656 eidemque
938 3587 1078 3639 amicissimo
1088 3603 1155 3646 meo,

9 3679 10 3744 ,
61 3671 100 3735 qui
116 3674 206 3721 veteres
224 3671 337 3722 editiones
353 3673 519 3739 Propertionas
536 3672 625 3738 aliaque
641 3669 745 3723 literana
761 3671 875 3737 praesidia
889 3669 950 3721 ultro
959 3669 1017 3720 mihi
1026 3670 1151 3736 patienter·

9 3747 10 3756 ’
62 3767 103 3817 que
119 3753 244 3804 concessit.

1040 3857 1052 3890 a
