<?xml version="1.0" encoding="UTF-8"?>
<!DOCTYPE html PUBLIC "-//W3C//DTD XHTML 1.0 Transitional//EN"
    "http://www.w3.org/TR/xhtml1/DTD/xhtml1-transitional.dtd">
<html xmlns="http://www.w3.org/1999/xhtml" xml:lang="en" lang="en">
 <head>
  <title>
</title>
<meta http-equiv="Content-Type" content="text/html;charset=utf-8" />
  <meta name='ocr-system' content='tesseract 3.04.00' />
  <meta name='ocr-capabilities' content='ocr_page ocr_carea ocr_par ocr_line ocrx_word'/>
</head>
<body>
  <div class='ocr_page' id='page_1' title='image "./cynthiacumlibro00carugoog_0111.png"; bbox 0 0 2624 4398; ppageno 0'>
   <div class='ocr_carea' id='block_1_1' title="bbox 690 353 775 412">
    <p class='ocr_par' dir='ltr' id='par_1_1' title="bbox 690 353 775 412">
     <span class='ocr_line' id='line_1_1' title="bbox 690 353 775 412; baseline 0 -24"><span class='ocrx_word' id='word_1_1' title='bbox 690 353 731 412; x_wconf 73' lang='lat'><strong>44</strong></span> <span class='ocrx_word' id='word_1_2' title='bbox 773 385 775 388; x_wconf 92' lang='lat'>.</span> 
     </span>
    </p>
   </div>
   <div class='ocr_carea' id='block_1_2' title="bbox 487 547 938 622">
    <p class='ocr_par' dir='ltr' id='par_1_2' title="bbox 487 547 938 622">
     <span class='ocr_line' id='line_1_2' title="bbox 487 547 938 622; baseline 0.018 -8"><span class='ocrx_word' id='word_1_3' title='bbox 487 547 763 618; x_wconf 74' lang='lat' dir='ltr'><strong>ELEGIA</strong></span> <span class='ocrx_word' id='word_1_4' title='bbox 815 551 938 622; x_wconf 85' lang='lat' dir='ltr'>XXVI.</span> 
     </span>
    </p>
   </div>
   <div class='ocr_carea' id='block_1_3' title="bbox 430 691 994 864">
    <p class='ocr_par' dir='ltr' id='par_1_3' title="bbox 430 691 994 864">
     <span class='ocr_line' id='line_1_3' title="bbox 598 691 818 742; baseline 0.018 -4"><span class='ocrx_word' id='word_1_5' title='bbox 598 691 652 738; x_wconf 84' lang='lat' dir='ltr'><strong>uu</strong></span> <span class='ocrx_word' id='word_1_6' title='bbox 673 692 818 742; x_wconf 67' lang='lat' dir='ltr'><strong>arveus.</strong></span> 
     </span>
     <span class='ocr_line' id='line_1_4' title="bbox 430 796 994 864; baseline 0.011 -18"><span class='ocrx_word' id='word_1_7' title='bbox 430 796 514 860; x_wconf 78' lang='lat' dir='ltr'><strong>(cosa</strong></span> <span class='ocrx_word' id='word_1_8' title='bbox 539 798 569 857; x_wconf 87' lang='lat' dir='ltr'><strong>e,</strong></span> <span class='ocrx_word' id='word_1_9' title='bbox 595 797 679 848; x_wconf 68' lang='lat' dir='ltr'><strong>sum.</strong></span> <span class='ocrx_word' id='word_1_10' title='bbox 706 800 729 859; x_wconf 78' lang='lat' dir='ltr'><strong>a,</strong></span> <span class='ocrx_word' id='word_1_11' title='bbox 754 800 852 852; x_wconf 69' lang='lat' dir='ltr'><strong>auum.</strong></span> <span class='ocrx_word' id='word_1_12' title='bbox 879 801 922 862; x_wconf 88' lang='lat'><strong>10,</strong></span> <span class='ocrx_word' id='word_1_13' title='bbox 946 803 994 864; x_wconf 85' lang='lat'>11.)</span> 
     </span>
    </p>
   </div>
   <div class='ocr_carea' id='block_1_4' title="bbox 172 895 1277 3803">
    <p class='ocr_par' dir='ltr' id='par_1_4' title="bbox 172 895 1277 3803">
     <span class='ocr_line' id='line_1_5' title="bbox 200 895 1245 999; baseline 0.02 -30"><span class='ocrx_word' id='word_1_14' title='bbox 200 918 246 970; x_wconf 76' lang='lat' dir='ltr'><strong>vu</strong></span> <span class='ocrx_word' id='word_1_15' title='bbox 260 919 314 981; x_wconf 80' lang='lat' dir='ltr'><strong>uu,</strong></span> <span class='ocrx_word' id='word_1_16' title='bbox 332 923 373 986; x_wconf 75' lang='lat' dir='ltr'><strong>qus</strong></span> <span class='ocrx_word' id='word_1_17' title='bbox 390 923 518 990; x_wconf 67' lang='lat' dir='ltr'><strong>cyssum</strong></span> <span class='ocrx_word' id='word_1_18' title='bbox 531 925 600 991; x_wconf 62' lang='lat' dir='ltr'><strong>pem</strong></span> <span class='ocrx_word' id='word_1_19' title='bbox 615 895 714 994; x_wconf 61' lang='lat' dir='ltr'><strong>ieiuna</strong></span> <span class='ocrx_word' id='word_1_20' title='bbox 730 931 755 979; x_wconf 70' lang='lat' dir='ltr'><strong>et</strong></span> <span class='ocrx_word' id='word_1_21' title='bbox 770 930 1245 999; x_wconf 73' lang='lat' dir='ltr'><strong>nunepetiar‚1³reetoreuevidetur‚</strong></span> 
     </span>
     <span class='ocr_line' id='line_1_6' title="bbox 298 1003 1127 1076; baseline 0.018 -23"><span class='ocrx_word' id='word_1_22' title='bbox 298 1003 371 1054; x_wconf 88' lang='lat' dir='ltr'><strong>redux</strong></span> <span class='ocrx_word' id='word_1_23' title='bbox 389 1021 417 1056; x_wconf 81' lang='lat' dir='ltr'><strong>ex</strong></span> <span class='ocrx_word' id='word_1_24' title='bbox 435 1007 530 1072; x_wconf 79' lang='lat' dir='ltr'><strong>Illyrie3</strong></span> <span class='ocrx_word' id='word_1_25' title='bbox 548 1009 645 1075; x_wconf 81' lang='lat' dir='ltr'>proinde</span> <span class='ocrx_word' id='word_1_26' title='bbox 662 1009 737 1076; x_wconf 79' lang='lat' dir='ltr'><strong>elegia</strong></span> <span class='ocrx_word' id='word_1_27' title='bbox 752 1015 847 1062; x_wconf 64' lang='lat' dir='ltr'><strong>aurate</strong></span> <span class='ocrx_word' id='word_1_28' title='bbox 862 1013 907 1062; x_wconf 87' lang='lat' dir='ltr'><strong>fuit</strong></span> <span class='ocrx_word' id='word_1_29' title='bbox 923 1017 977 1064; x_wconf 88' lang='lat' dir='ltr'><strong>sute</strong></span> <span class='ocrx_word' id='word_1_30' title='bbox 993 1015 1127 1068; x_wconf 73' lang='lat' dir='ltr'><strong>discidium.</strong></span> 
     </span>
     <span class='ocr_line' id='line_1_7' title="bbox 285 1139 1151 1228; baseline 0.015 -28"><span class='ocrx_word' id='word_1_31' title='bbox 285 1139 346 1201; x_wconf 88' lang='lat' dir='ltr'><strong>Iste</strong></span> <span class='ocrx_word' id='word_1_32' title='bbox 367 1141 446 1218; x_wconf 90' lang='lat' dir='ltr'><strong>quod</strong></span> <span class='ocrx_word' id='word_1_33' title='bbox 466 1147 527 1224; x_wconf 89' lang='lat' dir='ltr'><strong>est,</strong></span> <span class='ocrx_word' id='word_1_34' title='bbox 549 1163 605 1221; x_wconf 86' lang='lat' dir='ltr'><strong>ego</strong></span> <span class='ocrx_word' id='word_1_35' title='bbox 624 1162 716 1224; x_wconf 87' lang='lat' dir='ltr'><strong>saepe</strong></span> <span class='ocrx_word' id='word_1_36' title='bbox 735 1145 794 1228; x_wconf 82' lang='lat' dir='ltr'><strong>lui,</strong></span> <span class='ocrx_word' id='word_1_37' title='bbox 816 1147 870 1209; x_wconf 89' lang='lat' dir='ltr'><strong>sed</strong></span> <span class='ocrx_word' id='word_1_38' title='bbox 888 1147 949 1210; x_wconf 77' lang='lat' dir='ltr'><strong>fors</strong></span> <span class='ocrx_word' id='word_1_39' title='bbox 970 1153 1001 1211; x_wconf 86' lang='lat' dir='ltr'><strong>st</strong></span> <span class='ocrx_word' id='word_1_40' title='bbox 1019 1150 1052 1212; x_wconf 89' lang='lat' dir='ltr'><strong>iu</strong></span> <span class='ocrx_word' id='word_1_41' title='bbox 1067 1150 1151 1222; x_wconf 54' lang='lat' dir='ltr'><strong>,hora</strong></span> 
     </span>
     <span class='ocr_line' id='line_1_8' title="bbox 324 1245 886 1326; baseline 0.014 -22"><span class='ocrx_word' id='word_1_42' title='bbox 324 1245 389 1306; x_wconf 87' lang='lat' dir='ltr'><strong>Hoc</strong></span> <span class='ocrx_word' id='word_1_43' title='bbox 409 1247 474 1324; x_wconf 88' lang='lat' dir='ltr'><strong>ipsc</strong></span> <span class='ocrx_word' id='word_1_44' title='bbox 495 1247 589 1326; x_wconf 86' lang='lat' dir='ltr'><strong>ejecto</strong></span> <span class='ocrx_word' id='word_1_45' title='bbox 609 1249 704 1310; x_wconf 87' lang='lat' dir='ltr'><strong>caricr</strong></span> <span class='ocrx_word' id='word_1_46' title='bbox 724 1251 801 1313; x_wconf 84' lang='lat' dir='ltr'><strong>alter</strong></span> <span class='ocrx_word' id='word_1_47' title='bbox 821 1251 886 1312; x_wconf 88' lang='lat' dir='ltr'><strong>erit.</strong></span> 
     </span>
     <span class='ocr_line' id='line_1_9' title="bbox 284 1348 1078 1431; baseline 0.01 -24"><span class='ocrx_word' id='word_1_48' title='bbox 284 1348 432 1426; x_wconf 86' lang='lat' dir='ltr'><strong>Penelope</strong></span> <span class='ocrx_word' id='word_1_49' title='bbox 451 1353 567 1427; x_wconf 85' lang='lat' dir='ltr'><strong>poteret</strong></span> <span class='ocrx_word' id='word_1_50' title='bbox 586 1351 633 1412; x_wconf 89' lang='lat' dir='ltr'><strong>bis</strong></span> <span class='ocrx_word' id='word_1_51' title='bbox 653 1351 745 1413; x_wconf 87' lang='lat' dir='ltr'><strong>denos</strong></span> <span class='ocrx_word' id='word_1_52' title='bbox 765 1353 850 1413; x_wconf 85' lang='lat' dir='ltr'><strong>salva</strong></span> <span class='ocrx_word' id='word_1_53' title='bbox 869 1371 923 1431; x_wconf 90' lang='lat' dir='ltr'><strong>per</strong></span> <span class='ocrx_word' id='word_1_54' title='bbox 943 1371 1035 1416; x_wconf 86' lang='lat' dir='ltr'><strong>annos</strong></span> <span class='ocrx_word' id='word_1_55' title='bbox 1076 1360 1078 1362; x_wconf 80' lang='grc'><strong>’</strong></span> 
     </span>
     <span class='ocr_line' id='line_1_10' title="bbox 323 1451 1023 1539; baseline 0.013 -29"><span class='ocrx_word' id='word_1_56' title='bbox 323 1451 448 1532; x_wconf 80' lang='lat' dir='ltr'><strong>Vivere,</strong></span> <span class='ocrx_word' id='word_1_57' title='bbox 468 1456 530 1514; x_wconf 89' lang='lat' dir='ltr'><strong>tam</strong></span> <span class='ocrx_word' id='word_1_58' title='bbox 550 1455 651 1514; x_wconf 88' lang='lat' dir='ltr'><strong>multis</strong></span> <span class='ocrx_word' id='word_1_59' title='bbox 671 1454 782 1516; x_wconf 83' lang='lat' dir='ltr'><strong>femina</strong></span> <span class='ocrx_word' id='word_1_60' title='bbox 802 1456 893 1533; x_wconf 78' lang='lat' dir='ltr'><strong>digna</strong></span> <span class='ocrx_word' id='word_1_61' title='bbox 912 1459 1023 1539; x_wconf 80' lang='lat' dir='ltr'><strong>proeis3</strong></span> 
     </span>
     <span class='ocr_line' id='line_1_11' title="bbox 285 1552 999 1641; baseline 0.011 -28"><span class='ocrx_word' id='word_1_62' title='bbox 285 1552 460 1632; x_wconf 79' lang='lat' dir='ltr'><strong>conjugium</strong></span> <span class='ocrx_word' id='word_1_63' title='bbox 479 1555 556 1616; x_wconf 79' lang='lat' dir='ltr'><strong>falsa</strong></span> <span class='ocrx_word' id='word_1_64' title='bbox 574 1560 690 1633; x_wconf 85' lang='lat' dir='ltr'><strong>poteret</strong></span> <span class='ocrx_word' id='word_1_65' title='bbox 710 1557 827 1619; x_wconf 84' lang='lat' dir='ltr'><strong>differre</strong></span> <span class='ocrx_word' id='word_1_66' title='bbox 846 1559 999 1641; x_wconf 88' lang='lat' dir='ltr'><strong>Minerva,</strong></span> 
     </span>
     <span class='ocr_line' id='line_1_12' title="bbox 323 1659 943 1744; baseline 0.008 -26"><span class='ocrx_word' id='word_1_67' title='bbox 323 1659 473 1720; x_wconf 84' lang='lat' dir='ltr'><strong>Nocturno</strong></span> <span class='ocrx_word' id='word_1_68' title='bbox 493 1661 610 1720; x_wconf 89' lang='lat' dir='ltr'><strong>solvens</strong></span> <span class='ocrx_word' id='word_1_69' title='bbox 630 1664 714 1722; x_wconf 84' lang='lat' dir='ltr'><strong>texte</strong></span> <span class='ocrx_word' id='word_1_70' title='bbox 734 1661 840 1722; x_wconf 88' lang='lat' dir='ltr'><strong>diurna</strong></span> <span class='ocrx_word' id='word_1_71' title='bbox 861 1662 943 1744; x_wconf 86' lang='lat' dir='ltr'><strong>dolo;</strong></span> 
     </span>
     <span class='ocr_line' id='line_1_13' title="bbox 284 1758 1077 1846; baseline 0.009 -27"><span class='ocrx_word' id='word_1_72' title='bbox 284 1758 393 1820; x_wconf 86' lang='lat' dir='ltr'><strong>Visura</strong></span> <span class='ocrx_word' id='word_1_73' title='bbox 414 1764 444 1821; x_wconf 88' lang='lat' dir='ltr'><strong>et</strong></span> <span class='ocrx_word' id='word_1_74' title='bbox 464 1761 599 1837; x_wconf 83' lang='lat' dir='ltr'><strong>quamvis</strong></span> <span class='ocrx_word' id='word_1_75' title='bbox 619 1779 769 1838; x_wconf 88' lang='lat' dir='ltr'><strong>nunquam</strong></span> <span class='ocrx_word' id='word_1_76' title='bbox 789 1768 922 1841; x_wconf 80' lang='lat' dir='ltr'><strong>speraret</strong></span> <span class='ocrx_word' id='word_1_77' title='bbox 942 1764 1077 1846; x_wconf 81' lang='lat' dir='ltr'><strong>Ulixem,</strong></span> 
     </span>
     <span class='ocr_line' id='line_1_14' title="bbox 324 1863 1026 1942; baseline 0.004 -18"><span class='ocrx_word' id='word_1_78' title='bbox 324 1863 413 1924; x_wconf 88' lang='lat' dir='ltr'><strong>Illum</strong></span> <span class='ocrx_word' id='word_1_79' title='bbox 434 1865 631 1942; x_wconf 81' lang='lat' dir='ltr'><strong>exspectando</strong></span> <span class='ocrx_word' id='word_1_80' title='bbox 652 1869 734 1926; x_wconf 82' lang='lat' dir='ltr'><strong>casta</strong></span> <span class='ocrx_word' id='word_1_81' title='bbox 753 1867 895 1927; x_wconf 81' lang='lat' dir='ltr'><strong>remansit</strong></span> <span class='ocrx_word' id='word_1_82' title='bbox 915 1885 1026 1928; x_wconf 86' lang='lat' dir='ltr'><strong>amaus.</strong></span> 
     </span>
     <span class='ocr_line' id='line_1_15' title="bbox 284 1968 1114 2048; baseline 0.008 -20"><span class='ocrx_word' id='word_1_83' title='bbox 284 1968 349 2030; x_wconf 87' lang='lat' dir='ltr'><strong>Nec</strong></span> <span class='ocrx_word' id='word_1_84' title='bbox 369 1987 427 2029; x_wconf 90' lang='lat' dir='ltr'><strong>uon</strong></span> <span class='ocrx_word' id='word_1_85' title='bbox 448 1968 613 2030; x_wconf 88' lang='lat' dir='ltr'><strong>exanimem</strong></span> <span class='ocrx_word' id='word_1_86' title='bbox 634 1970 814 2048; x_wconf 88' lang='lat' dir='ltr'><strong>amplectens</strong></span> <span class='ocrx_word' id='word_1_87' title='bbox 834 1970 946 2031; x_wconf 79' lang='lat' dir='ltr'><strong>Briseis</strong></span> <span class='ocrx_word' id='word_1_88' title='bbox 965 1969 1114 2034; x_wconf 76' lang='lat' dir='ltr'><strong>Achillem</strong></span> 
     </span>
     <span class='ocr_line' id='line_1_16' title="bbox 324 2069 1277 2153; baseline 0.006 -22"><span class='ocrx_word' id='word_1_89' title='bbox 324 2069 460 2132; x_wconf 76' lang='lat' dir='ltr'><strong>Candida</strong></span> <span class='ocrx_word' id='word_1_90' title='bbox 479 2089 591 2132; x_wconf 83' lang='lat' dir='ltr'><strong>vesana</strong></span> <span class='ocrx_word' id='word_1_91' title='bbox 610 2073 747 2134; x_wconf 90' lang='lat' dir='ltr'><strong>verberat</strong></span> <span class='ocrx_word' id='word_1_92' title='bbox 767 2091 819 2134; x_wconf 84' lang='lat' dir='ltr'><strong>cra</strong></span> <span class='ocrx_word' id='word_1_93' title='bbox 838 2092 943 2153; x_wconf 84' lang='lat' dir='ltr'><strong>manu,</strong></span> <span class='ocrx_word' id='word_1_94' title='bbox 1237 2087 1277 2144; x_wconf 89' lang='lat'><strong>10</strong></span> 
     </span>
     <span class='ocr_line' id='line_1_17' title="bbox 284 2175 1067 2258; baseline 0.003 -22"><span class='ocrx_word' id='word_1_95' title='bbox 284 2175 324 2236; x_wconf 78' lang='lat' dir='ltr'><strong>ut</strong></span> <span class='ocrx_word' id='word_1_96' title='bbox 345 2175 494 2236; x_wconf 91' lang='lat' dir='ltr'><strong>domiuum</strong></span> <span class='ocrx_word' id='word_1_97' title='bbox 513 2176 588 2236; x_wconf 84' lang='lat' dir='ltr'><strong>lavit</strong></span> <span class='ocrx_word' id='word_1_98' title='bbox 606 2194 741 2237; x_wconf 89' lang='lat' dir='ltr'><strong>moerens</strong></span> <span class='ocrx_word' id='word_1_99' title='bbox 761 2178 880 2254; x_wconf 88' lang='lat' dir='ltr'><strong>captiva</strong></span> <span class='ocrx_word' id='word_1_100' title='bbox 901 2180 1067 2258; x_wconf 86' lang='lat' dir='ltr'><strong>cruentum,</strong></span> 
     </span>
     <span class='ocr_line' id='line_1_18' title="bbox 323 2276 948 2360; baseline 0.002 -22"><span class='ocrx_word' id='word_1_101' title='bbox 323 2276 499 2356; x_wconf 78' lang='lat' dir='ltr'><strong>Appositum</strong></span> <span class='ocrx_word' id='word_1_102' title='bbox 519 2278 605 2339; x_wconf 88' lang='lat' dir='ltr'><strong>flavis</strong></span> <span class='ocrx_word' id='word_1_103' title='bbox 624 2279 656 2339; x_wconf 91' lang='lat' dir='ltr'><strong>in</strong></span> <span class='ocrx_word' id='word_1_104' title='bbox 677 2277 828 2340; x_wconf 79' lang='lat' dir='ltr'><strong>Simoenta</strong></span> <span class='ocrx_word' id='word_1_105' title='bbox 847 2279 948 2360; x_wconf 81' lang='lat' dir='ltr'><strong>vadis3</strong></span> 
     </span>
     <span class='ocr_line' id='line_1_19' title="bbox 283 2369 1056 2463; baseline 0.004 -23"><span class='ocrx_word' id='word_1_106' title='bbox 283 2380 487 2458; x_wconf 77' lang='lat' dir='ltr'><strong>Foedavitque</strong></span> <span class='ocrx_word' id='word_1_107' title='bbox 508 2398 620 2461; x_wconf 84' lang='lat' dir='ltr'><strong>comes,</strong></span> <span class='ocrx_word' id='word_1_108' title='bbox 643 2385 673 2442; x_wconf 92' lang='lat' dir='ltr'><strong>et</strong></span> <span class='ocrx_word' id='word_1_109' title='bbox 692 2383 768 2443; x_wconf 89' lang='lat' dir='ltr'><strong>tanti</strong></span> <span class='ocrx_word' id='word_1_110' title='bbox 789 2400 892 2462; x_wconf 86' lang='lat' dir='ltr'><strong>corpus</strong></span> <span class='ocrx_word' id='word_1_111' title='bbox 913 2369 1056 2463; x_wconf 82' lang='lat' dir='ltr'><strong>Achillei,</strong></span> 
     </span>
     <span class='ocr_line' id='line_1_20' title="bbox 322 2484 1029 2566; baseline 0.004 -22"><span class='ocrx_word' id='word_1_112' title='bbox 322 2484 511 2562; x_wconf 77' lang='lat' dir='ltr'><strong>Maximeque</strong></span> <span class='ocrx_word' id='word_1_113' title='bbox 532 2485 564 2545; x_wconf 91' lang='lat' dir='ltr'><strong>in</strong></span> <span class='ocrx_word' id='word_1_114' title='bbox 582 2503 676 2566; x_wconf 77' lang='lat' dir='ltr'><strong>parua</strong></span> <span class='ocrx_word' id='word_1_115' title='bbox 695 2487 815 2547; x_wconf 88' lang='lat' dir='ltr'><strong>sustulit</strong></span> <span class='ocrx_word' id='word_1_116' title='bbox 835 2503 904 2548; x_wconf 87' lang='lat' dir='ltr'><strong>ossa</strong></span> <span class='ocrx_word' id='word_1_117' title='bbox 923 2505 1029 2566; x_wconf 88' lang='lat' dir='ltr'><strong>manu,</strong></span> 
     </span>
     <span class='ocr_line' id='line_1_21' title="bbox 283 2586 1274 2670; baseline 0.005 -23"><span class='ocrx_word' id='word_1_118' title='bbox 283 2586 357 2649; x_wconf 84' lang='lat' dir='ltr'><strong>(lum</strong></span> <span class='ocrx_word' id='word_1_119' title='bbox 377 2588 432 2648; x_wconf 89' lang='lat' dir='ltr'><strong>tibi</strong></span> <span class='ocrx_word' id='word_1_120' title='bbox 452 2605 507 2650; x_wconf 89' lang='lat' dir='ltr'><strong>nec</strong></span> <span class='ocrx_word' id='word_1_121' title='bbox 526 2589 634 2650; x_wconf 88' lang='lat' dir='ltr'><strong>Peleus</strong></span> <span class='ocrx_word' id='word_1_122' title='bbox 656 2589 771 2668; x_wconf 89' lang='lat' dir='ltr'><strong>aderat,</strong></span> <span class='ocrx_word' id='word_1_123' title='bbox 792 2607 847 2650; x_wconf 86' lang='lat' dir='ltr'><strong>nee</strong></span> <span class='ocrx_word' id='word_1_124' title='bbox 867 2589 986 2650; x_wconf 83' lang='lat' dir='ltr'><strong>caerula</strong></span> <span class='ocrx_word' id='word_1_125' title='bbox 1006 2591 1115 2670; x_wconf 83' lang='lat' dir='ltr'><strong>meter,</strong></span> <span class='ocrx_word' id='word_1_126' title='bbox 1235 2595 1274 2654; x_wconf 84' lang='lat'><strong>15</strong></span> 
     </span>
     <span class='ocr_line' id='line_1_22' title="bbox 323 2677 880 2767; baseline 0.002 -17"><span class='ocrx_word' id='word_1_127' title='bbox 323 2677 428 2767; x_wconf 81' lang='lat' dir='ltr'><strong>Scyria</strong></span> <span class='ocrx_word' id='word_1_128' title='bbox 447 2708 502 2751; x_wconf 87' lang='lat' dir='ltr'><strong>nec</strong></span> <span class='ocrx_word' id='word_1_129' title='bbox 521 2691 610 2752; x_wconf 90' lang='lat' dir='ltr'><strong>viduo</strong></span> <span class='ocrx_word' id='word_1_130' title='bbox 630 2691 789 2752; x_wconf 87' lang='lat' dir='ltr'><strong>Deidamia</strong></span> <span class='ocrx_word' id='word_1_131' title='bbox 808 2695 880 2752; x_wconf 90' lang='lat' dir='ltr'><strong>toro.</strong></span> 
     </span>
     <span class='ocr_line' id='line_1_23' title="bbox 283 2793 1007 2873; baseline 0.001 -20"><span class='ocrx_word' id='word_1_132' title='bbox 283 2793 369 2854; x_wconf 83' lang='lat' dir='ltr'><strong>Tunc</strong></span> <span class='ocrx_word' id='word_1_133' title='bbox 389 2793 479 2870; x_wconf 86' lang='lat' dir='ltr'><strong>igitur</strong></span> <span class='ocrx_word' id='word_1_134' title='bbox 499 2794 578 2855; x_wconf 85' lang='lat' dir='ltr'><strong>veris</strong></span> <span class='ocrx_word' id='word_1_135' title='bbox 598 2795 750 2872; x_wconf 87' lang='lat' dir='ltr'><strong>gaudebat</strong></span> <span class='ocrx_word' id='word_1_136' title='bbox 770 2793 896 2855; x_wconf 80' lang='lat' dir='ltr'><strong>Graecia</strong></span> <span class='ocrx_word' id='word_1_137' title='bbox 914 2793 1007 2873; x_wconf 85' lang='lat' dir='ltr'><strong>natis,</strong></span> 
     </span>
     <span class='ocr_line' id='line_1_24' title="bbox 323 2896 986 2974; baseline 0 -18"><span class='ocrx_word' id='word_1_138' title='bbox 323 2896 519 2958; x_wconf 77' lang='lat' dir='ltr'><strong>&#39;Peucetiam</strong></span> <span class='ocrx_word' id='word_1_139' title='bbox 540 2896 613 2958; x_wconf 80' lang='lat' dir='ltr'><strong>felix</strong></span> <span class='ocrx_word' id='word_1_140' title='bbox 633 2898 710 2959; x_wconf 92' lang='lat' dir='ltr'><strong>iuter</strong></span> <span class='ocrx_word' id='word_1_141' title='bbox 731 2901 761 2958; x_wconf 93' lang='lat' dir='ltr'><strong>et</strong></span> <span class='ocrx_word' id='word_1_142' title='bbox 782 2915 864 2958; x_wconf 85' lang='lat' dir='ltr'><strong>arma</strong></span> <span class='ocrx_word' id='word_1_143' title='bbox 884 2897 986 2974; x_wconf 86' lang='lat' dir='ltr'><strong>pudor.</strong></span> 
     </span>
     <span class='ocr_line' id='line_1_25' title="bbox 172 2997 924 3078; baseline -0.001 -18"><span class='ocrx_word' id='word_1_144' title='bbox 172 3031 175 3037; x_wconf 92' lang='lat'>·</span> <span class='ocrx_word' id='word_1_145' title='bbox 283 2997 324 3060; x_wconf 83' lang='lat' dir='ltr'><strong>At</strong></span> <span class='ocrx_word' id='word_1_146' title='bbox 344 3001 377 3058; x_wconf 89' lang='lat' dir='ltr'><strong>tu</strong></span> <span class='ocrx_word' id='word_1_147' title='bbox 396 3016 454 3060; x_wconf 91' lang='lat' dir='ltr'><strong>nou</strong></span> <span class='ocrx_word' id='word_1_148' title='bbox 475 3016 534 3059; x_wconf 88' lang='lat' dir='ltr'><strong>uua</strong></span> <span class='ocrx_word' id='word_1_149' title='bbox 553 3000 676 3078; x_wconf 86' lang='lat' dir='ltr'><strong>potuisti</strong></span> <span class='ocrx_word' id='word_1_150' title='bbox 696 3003 782 3060; x_wconf 88' lang='lat' dir='ltr'><strong>nocte</strong></span> <span class='ocrx_word' id='word_1_151' title='bbox 801 3017 924 3078; x_wconf 87' lang='lat' dir='ltr'><strong>vacare,</strong></span> 
     </span>
     <span class='ocr_line' id='line_1_26' title="bbox 324 3101 956 3180; baseline 0.002 -20"><span class='ocrx_word' id='word_1_152' title='bbox 324 3101 435 3180; x_wconf 89' lang='lat' dir='ltr'><strong>Impia,</strong></span> <span class='ocrx_word' id='word_1_153' title='bbox 456 3119 515 3162; x_wconf 87' lang='lat' dir='ltr'><strong>non</strong></span> <span class='ocrx_word' id='word_1_154' title='bbox 535 3119 625 3163; x_wconf 89' lang='lat' dir='ltr'><strong>unum</strong></span> <span class='ocrx_word' id='word_1_155' title='bbox 645 3102 708 3162; x_wconf 85' lang='lat' dir='ltr'><strong>sola</strong></span> <span class='ocrx_word' id='word_1_156' title='bbox 728 3120 848 3163; x_wconf 83' lang='lat' dir='ltr'><strong>manere</strong></span> <span class='ocrx_word' id='word_1_157' title='bbox 868 3102 956 3163; x_wconf 90' lang='lat' dir='ltr'><strong>diem.</strong></span> 
     </span>
     <span class='ocr_line' id='line_1_27' title="bbox 283 3203 941 3286; baseline 0.005 -22"><span class='ocrx_word' id='word_1_158' title='bbox 283 3203 362 3279; x_wconf 79' lang='lat' dir='ltr'><strong>Quin</strong></span> <span class='ocrx_word' id='word_1_159' title='bbox 383 3204 473 3265; x_wconf 86' lang='lat' dir='ltr'><strong>etiam</strong></span> <span class='ocrx_word' id='word_1_160' title='bbox 493 3206 585 3286; x_wconf 87' lang='lat' dir='ltr'><strong>multo</strong></span> <span class='ocrx_word' id='word_1_161' title='bbox 606 3205 717 3266; x_wconf 86' lang='lat' dir='ltr'><strong>duxisti</strong></span> <span class='ocrx_word' id='word_1_162' title='bbox 736 3206 844 3284; x_wconf 86' lang='lat' dir='ltr'><strong>pocula</strong></span> <span class='ocrx_word' id='word_1_163' title='bbox 864 3205 941 3286; x_wconf 83' lang='lat' dir='ltr'><strong>risu3</strong></span> 
     </span>
     <span class='ocr_line' id='line_1_28' title="bbox 323 3308 961 3372; baseline 0.005 -4"><span class='ocrx_word' id='word_1_164' title='bbox 323 3308 461 3370; x_wconf 80' lang='lat' dir='ltr'><strong>Forsitan</strong></span> <span class='ocrx_word' id='word_1_165' title='bbox 483 3311 512 3370; x_wconf 91' lang='lat' dir='ltr'><strong>et</strong></span> <span class='ocrx_word' id='word_1_166' title='bbox 532 3309 570 3370; x_wconf 87' lang='lat' dir='ltr'><strong>de</strong></span> <span class='ocrx_word' id='word_1_167' title='bbox 591 3327 638 3370; x_wconf 92' lang='lat' dir='ltr'><strong>me</strong></span> <span class='ocrx_word' id='word_1_168' title='bbox 658 3310 750 3371; x_wconf 85' lang='lat' dir='ltr'><strong>verba</strong></span> <span class='ocrx_word' id='word_1_169' title='bbox 770 3309 853 3372; x_wconf 86' lang='lat' dir='ltr'><strong>fuere</strong></span> <span class='ocrx_word' id='word_1_170' title='bbox 872 3312 961 3371; x_wconf 86' lang='lat' dir='ltr'><strong>mals.</strong></span> 
     </span>
     <span class='ocr_line' id='line_1_29' title="bbox 283 3411 1058 3491; baseline 0 -19"><span class='ocrx_word' id='word_1_171' title='bbox 283 3411 341 3472; x_wconf 82' lang='lat' dir='ltr'><strong>llic</strong></span> <span class='ocrx_word' id='word_1_172' title='bbox 361 3411 452 3473; x_wconf 88' lang='lat' dir='ltr'><strong>etiam</strong></span> <span class='ocrx_word' id='word_1_173' title='bbox 472 3412 597 3491; x_wconf 89' lang='lat' dir='ltr'><strong>petitur,</strong></span> <span class='ocrx_word' id='word_1_174' title='bbox 618 3413 670 3489; x_wconf 86' lang='lat' dir='ltr'><strong>qui</strong></span> <span class='ocrx_word' id='word_1_175' title='bbox 690 3415 721 3474; x_wconf 93' lang='lat' dir='ltr'><strong>te</strong></span> <span class='ocrx_word' id='word_1_176' title='bbox 741 3413 824 3490; x_wconf 89' lang='lat' dir='ltr'><strong>prius</strong></span> <span class='ocrx_word' id='word_1_177' title='bbox 844 3415 909 3491; x_wconf 88' lang='lat' dir='ltr'><strong>ipse</strong></span> <span class='ocrx_word' id='word_1_178' title='bbox 929 3411 1058 3490; x_wconf 86' lang='lat' dir='ltr'><strong>reliquit.</strong></span> 
     </span>
     <span class='ocr_line' id='line_1_30' title="bbox 321 3514 922 3595; baseline 0.003 -20"><span class='ocrx_word' id='word_1_179' title='bbox 321 3515 373 3576; x_wconf 92' lang='lat' dir='ltr'><strong>Dii</strong></span> <span class='ocrx_word' id='word_1_180' title='bbox 394 3514 519 3595; x_wconf 86' lang='lat' dir='ltr'><strong>faciant,</strong></span> <span class='ocrx_word' id='word_1_181' title='bbox 539 3515 597 3578; x_wconf 88' lang='lat' dir='ltr'><strong>isto</strong></span> <span class='ocrx_word' id='word_1_182' title='bbox 616 3519 705 3593; x_wconf 86' lang='lat' dir='ltr'><strong>capte</strong></span> <span class='ocrx_word' id='word_1_183' title='bbox 724 3515 824 3577; x_wconf 85' lang='lat' dir='ltr'><strong>fruare</strong></span> <span class='ocrx_word' id='word_1_184' title='bbox 844 3517 922 3577; x_wconf 87' lang='lat' dir='ltr'><strong>viro!</strong></span> 
     </span>
     <span class='ocr_line' id='line_1_31' title="bbox 282 3618 1265 3699; baseline 0.002 -17"><span class='ocrx_word' id='word_1_185' title='bbox 282 3619 365 3682; x_wconf 84' lang='lat' dir='ltr'><strong>llaec</strong></span> <span class='ocrx_word' id='word_1_186' title='bbox 386 3618 459 3680; x_wconf 93' lang='lat' dir='ltr'><strong>mihi</strong></span> <span class='ocrx_word' id='word_1_187' title='bbox 479 3622 549 3680; x_wconf 86' lang='lat' dir='ltr'><strong>vcta</strong></span> <span class='ocrx_word' id='word_1_188' title='bbox 569 3623 650 3681; x_wconf 84' lang='lat' dir='ltr'><strong>tuem</strong></span> <span class='ocrx_word' id='word_1_189' title='bbox 670 3623 790 3699; x_wconf 89' lang='lat' dir='ltr'><strong>propter</strong></span> <span class='ocrx_word' id='word_1_190' title='bbox 810 3623 947 3698; x_wconf 84' lang='lat' dir='ltr'><strong>suscepta</strong></span> <span class='ocrx_word' id='word_1_191' title='bbox 968 3620 1116 3681; x_wconf 80' lang='lat' dir='ltr'><strong>salutem?</strong></span> <span class='ocrx_word' id='word_1_192' title='bbox 1223 3625 1265 3684; x_wconf 81' lang='lat'><strong>25</strong></span> 
     </span>
     <span class='ocr_line' id='line_1_32' title="bbox 323 3719 1138 3803; baseline 0 -19"><span class='ocrx_word' id='word_1_193' title='bbox 323 3719 397 3784; x_wconf 75' lang='lat' dir='ltr'><strong>Cum</strong></span> <span class='ocrx_word' id='word_1_194' title='bbox 418 3721 515 3801; x_wconf 85' lang='lat' dir='ltr'><strong>capite</strong></span> <span class='ocrx_word' id='word_1_195' title='bbox 536 3721 590 3784; x_wconf 88' lang='lat' dir='ltr'><strong>hoc</strong></span> <span class='ocrx_word' id='word_1_196' title='bbox 611 3721 735 3800; x_wconf 80' lang='lat' dir='ltr'><strong>Stygiae</strong></span> <span class='ocrx_word' id='word_1_197' title='bbox 751 3722 816 3801; x_wconf 86' lang='lat' dir='ltr'><strong>jam</strong></span> <span class='ocrx_word' id='word_1_198' title='bbox 836 3725 1004 3800; x_wconf 88' lang='lat' dir='ltr'><strong>poterentur</strong></span> <span class='ocrx_word' id='word_1_199' title='bbox 1025 3739 1138 3803; x_wconf 80' lang='lat' dir='ltr'><strong>aquas,</strong></span> 
     </span>
    </p>
   </div>
   <div class='ocr_carea' id='block_1_5' title="bbox 0 0 1316 4398">
    <p class='ocr_par' dir='ltr' id='par_1_5' title="bbox 0 0 1316 4398">
     <span class='ocr_line' id='line_1_33' title="bbox 0 0 1316 4398; baseline 0 1"><span class='ocrx_word' id='word_1_200' title='bbox 0 0 1316 4398; x_wconf 95' lang='lat' dir='ltr'><strong> </strong></span> 
     </span>
    </p>
   </div>
  </div>
 </body>
</html>
