2640 4400
687 295 725 354 26

276 465 337 526 Aut
356 469 456 526 teneat
476 467 608 526 clausam
628 467 710 527 tenui
731 468 925 532 Teuthrantis
945 471 976 532 in
996 473 1076 534 unda

316 568 457 630 Altemae
477 568 574 631 facilis
594 571 699 630 cedere
719 572 842 650 lympha
862 593 967 655 manu,

277 671 372 747 Quam
392 679 478 734 vacet
497 675 620 736 alterius
639 676 764 737 blandos
784 678 887 738 audire
908 697 1041 743 susurros

316 777 444 838 Molliter
464 777 495 837 in
514 777 604 838 tacito
624 778 710 838 litore
731 781 938 861 compositam,

277 881 318 942 Ut
337 881 413 942 solet
432 884 528 942 amoto
548 880 609 941 labi
629 883 749 943 eustoch
769 883 869 958 puella

316 981 449 1062 Perfida,
469 1001 637 1044 communes
656 1002 711 1044 nec
731 987 901 1048 meminisse
921 989 1009 1050 deos!

276 1084 344 1145 Non
363 1085 434 1161 quia
453 1091 608 1163 perspecta
628 1105 686 1147 non
705 1105 738 1148 es
758 1087 832 1147 mihi
852 1089 971 1166 cognita
990 1091 1085 1171 fama,

317 1186 377 1248 Sed
397 1189 475 1266 quod
495 1190 526 1250 in
545 1189 602 1250 hac
622 1191 717 1252 omnis
737 1195 821 1268 parte
842 1191 962 1253 timetur
982 1213 1073 1256 amor.

277 1291 414 1368 Ignosces
435 1293 541 1371 igitur,
561 1294 588 1355 si
608 1293 681 1371 quid
702 1295 757 1355 tibi
777 1295 862 1356 triste
882 1296 978 1356 libelli

316 1393 479 1456 Attuleriut
497 1382 605 1478 nostri3
627 1399 715 1475 culpa
735 1397 848 1460 timoris
867 1400 933 1459 crit.

173 1519 179 1528 ·
276 1498 354 1558 Nam
374 1498 447 1558 mihi
467 1519 526 1561 non
545 1501 639 1579 major
660 1519 747 1561 carae
767 1501 901 1562 custodia
921 1504 1039 1583 matris3

316 1601 406 1662 Haud
425 1602 489 1662 sine
510 1606 540 1662 te
560 1603 640 1663 vitae
661 1621 732 1663 cura
752 1603 791 1663 sit
812 1605 873 1663 ulla
893 1622 986 1664 meae.

277 1704 326 1764 Tu
346 1704 419 1764 mihi
439 1706 503 1766 sola
524 1704 643 1785 domum
664 1709 713 1784 tu,
735 1705 880 1784 Cynthia,
902 1709 965 1768 sola
985 1714 1141 1789 parentes,

317 1804 424 1870 Omnia
444 1813 477 1869 tu
496 1812 614 1870 nostrae
634 1813 767 1886 tempora
786 1809 928 1870 laetitiae.

278 1910 337 1972 Seu
357 1912 450 1974 tristis
471 1914 606 1992 veniam,
627 1931 680 1974 seu
701 1917 802 1974 contra
822 1913 918 1974 laetus
939 1914 1057 1974 amicis:
1209 1915 1240 1976 25

319 2012 467 2092 Quicquid
488 2034 553 2095 ero,
575 2016 687 2075 dicam:
712 2013 867 2090 „Cynthia
887 2032 977 2076 causa
996 2015 1080 2077 finita

278 2118 327 2178 Tu
347 2118 434 2178 modo
454 2136 543 2195 quam
563 2119 691 2195 primum
710 2120 862 2194 corruptas
882 2118 986 2180 desere
1006 2119 1112 2197 Bajas:

316 2223 417 2284 Multis
438 2225 497 2284 ista
517 2223 630 2282 dabunt
650 2222 738 2282 litora
757 2219 931 2301 discidium3

276 2329 394 2406 Litora,
415 2345 492 2404 quac
512 2326 628 2387 lherant
648 2325 738 2386 castis
758 2325 878 2386 inimica
898 2326 1014 2403 puellis.

315 2430 364 2491 Ah
384 2433 508 2508 pereant
528 2429 633 2508 Bajae‚
653 2428 765 2489 crimen
785 2429 893 2490 amoris
913 2431 1023 2506 aquae!
1208 2432 1242 2489 30

206 2583 230 2634 3.
265 2585 339 2637 Gron.
356 2588 380 2634 et
398 2587 472 2650 Neap.
490 2587 525 2635 Et
542 2586 610 2634 modo
633 2583 769 2649 l'heaproti;
787 2582 827 2640 alii
844 2585 879 2634 Et
895 2584 963 2633 modo
977 2588 1001 2634 tc
1008 2586 1088 2649 spreti.
1105 2587 1241 2636 Sannanerus

156 2669 289 2715 correxerat
311 2667 346 2716 Et
361 2668 437 2716 modo
459 2673 483 2717 te
505 2668 654 2730 Prochytoe,
678 2683 693 2716 a
714 2667 834 2732 Prochyta
850 2665 939 2725 insula,
956 2683 1019 2716 nunc
1036 2667 1151 2718 Procidc.
1175 2668 1241 2716 Janus

158 2748 296 2798 Parrhasius
326 2754 350 2799 tc
380 2749 470 2798 Protei.
505 2750 549 2799 Sed
579 2753 628 2815 opt.
659 2748 764 2798 codicum
793 2749 910 2815 scriptura
939 2752 975 2798 est
1004 2748 1081 2808 bona;
1107 2749 1240 2815 thesprotia
1268 2751 1270 2758 ’

156 2831 308 2897 Thesprotiae
324 2832 349 2881 in
366 2831 439 2898 Epiro
456 2847 540 2881 nomen
556 2831 627 2881 dedit.
649 2830 751 2880 Abantes
768 2846 838 2890 vero,
855 2832 895 2897 qui
912 2831 1076 2896 Thesprotiam
1092 2830 1240 2887 incoluerant,

156 2912 181 2961 in
198 2913 313 2978 Magnam
330 2913 452 2963 Graeciam
470 2917 493 2962 et
510 2913 663 2979 Campaniam
679 2916 845 2978 pervenerant;
862 2913 918 2962 hinc
934 2914 1079 2980 Thesprotus
1094 2915 1241 2965 Abantumet

158 2993 340 3044 Puteolanorum
357 2996 486 3046 communis
503 3011 587 3062 parens
603 2995 725 3062 accipitur.
744 2996 867 3044 Neminem
883 2995 942 3046 latet
957 2997 1000 3045 has
1013 2995 1121 3062 antiquas
1134 2999 1157 3046 et
1168 3010 1239 3046 recon-

156 3077 217 3127 ditas
234 3077 374 3128 eruditiones
392 3077 517 3144 Propertio
534 3077 606 3126 fnisse
621 3078 647 3126 in
664 3077 762 3126 summis
778 3076 874 3126 deliciis.

206 3176 230 3226 5.
265 3175 337 3226 Codd.
347 3177 474 3226 adducere.
493 3175 597 3240 Scaliger
606 3173 709 3224 correxit
716 3175 750 3223 ah
758 3175 851 3224 docere.
867 3175 965 3225 Retinoo
974 3175 1093 3226 adducere
1100 3192 1144 3244 pro
1152 3177 1238 3229 docere.

155 3259 289 3308 traducere.
307 3259 410 3324 Cynthia
426 3259 527 3310 Romam
543 3274 591 3307 non
607 3258 741 3307 revertitur.
759 3257 859 3306 Amator
874 3256 964 3322 inquit:
982 3257 1101 3316 Te‚Bciis
1110 3259 1237 3311 cesanum,

155 3341 196 3390 ubi
212 3341 258 3390 sita
275 3345 310 3392 est
325 3341 365 3391 nia
381 3341 410 3391 ah
427 3340 531 3392 Hercule
547 3344 651 3400 structa,
667 3368 701 3377 -
717 3342 754 3400 tc,
772 3339 989 3406 aequoraproxima
997 3339 1169 3406 Miseno‚quao
1176 3350 1238 3400 regno

155 3423 280 3488 Thesproti
302 3428 358 3474 sunt
379 3425 500 3491 proxima,
522 3425 661 3482 mirantem,
683 3423 761 3472 ullane
778 3437 834 3472 cura
849 3421 927 3485 tangit
943 3423 1022 3470 noctes
1038 3421 1158 3471 traducere
1172 3415 1237 3468 nostri

155 3509 286 3555 memores?
303 3507 391 3572 Ecquis
407 3507 533 3566 minimus,
551 3509 669 3557 extremus
685 3505 751 3556 locus
767 3505 842 3554 restat
857 3503 917 3554 mihi
932 3503 958 3552 iu
974 3518 1053 3553 amore
1068 3505 1129 3552 tuo?

189 3606 229 3654 11.
263 3606 336 3654 Gron.
358 3605 481 3654 Perdocta
497 3604 524 3653 ire
540 3605 620 3661 eadm
646 3606 722 3669 Neap.
740 3601 862 3653 testantis.
883 3600 984 3666 Egregie
1000 3599 1131 3650 emandavit
1145 3595 1236 3660 Scaliger

161 3690 321 3742 Teuthrantis.
338 3689 429 3741 rivulus
446 3693 497 3740 erat
513 3705 560 3740 non
577 3689 659 3754 procul
676 3705 690 3738 a
706 3689 775 3738 litore
792 3685 895 3750 Bajano,
912 3685 951 3749 qui
969 3686 1049 3750 postca
1066 3684 1165 3734 evanuit.
