<?xml version="1.0" encoding="UTF-8"?>
<!DOCTYPE html PUBLIC "-//W3C//DTD XHTML 1.0 Transitional//EN"
    "http://www.w3.org/TR/xhtml1/DTD/xhtml1-transitional.dtd">
<html xmlns="http://www.w3.org/1999/xhtml" xml:lang="en" lang="en">
 <head>
  <title>
</title>
<meta http-equiv="Content-Type" content="text/html;charset=utf-8" />
  <meta name='ocr-system' content='tesseract 3.04.00' />
  <meta name='ocr-capabilities' content='ocr_page ocr_carea ocr_par ocr_line ocrx_word'/>
</head>
<body>
  <div class='ocr_page' id='page_1' title='image "./cynthiacumlibro00carugoog_0087.png"; bbox 0 0 2640 4400; ppageno 0'>
   <div class='ocr_carea' id='block_1_1' title="bbox 713 347 753 406">
    <p class='ocr_par' dir='ltr' id='par_1_1' title="bbox 713 347 753 406">
     <span class='ocr_line' id='line_1_1' title="bbox 713 347 753 406; baseline 0 0"><span class='ocrx_word' id='word_1_1' title='bbox 713 347 753 406; x_wconf 91' lang='lat'><strong>20</strong></span> 
     </span>
    </p>
   </div>
   <div class='ocr_carea' id='block_1_2' title="bbox 302 519 1252 907">
    <p class='ocr_par' dir='ltr' id='par_1_2' title="bbox 302 519 1252 907">
     <span class='ocr_line' id='line_1_2' title="bbox 304 519 1092 605; baseline 0.005 -23"><span class='ocrx_word' id='word_1_2' title='bbox 304 519 353 582; x_wconf 76' lang='lat' dir='ltr'><strong>&#39;liu</strong></span> <span class='ocrx_word' id='word_1_3' title='bbox 372 534 441 580; x_wconf 83' lang='lat' dir='ltr'><strong>mee</strong></span> <span class='ocrx_word' id='word_1_4' title='bbox 460 535 615 598; x_wconf 90' lang='lat' dir='ltr'><strong>compones</strong></span> <span class='ocrx_word' id='word_1_5' title='bbox 635 523 666 581; x_wconf 87' lang='lat' dir='ltr'><strong>et</strong></span> <span class='ocrx_word' id='word_1_6' title='bbox 686 519 783 583; x_wconf 82' lang='lat' dir='ltr'><strong>dices:</strong></span> <span class='ocrx_word' id='word_1_7' title='bbox 807 521 923 603; x_wconf 85' lang='lat' dir='ltr'><strong>„Osse‚</strong></span> <span class='ocrx_word' id='word_1_8' title='bbox 943 523 1092 605; x_wconf 79' lang='lat' dir='ltr'><strong>Properti,</strong></span> 
     </span>
     <span class='ocr_line' id='line_1_3' title="bbox 346 622 1154 698; baseline 0.007 -16"><span class='ocrx_word' id='word_1_9' title='bbox 346 623 454 698; x_wconf 81' lang='lat' dir='ltr'><strong>„Haeo</strong></span> <span class='ocrx_word' id='word_1_10' title='bbox 473 625 526 683; x_wconf 81' lang='lat' dir='ltr'><strong>tue</strong></span> <span class='ocrx_word' id='word_1_11' title='bbox 547 625 634 684; x_wconf 89' lang='lat' dir='ltr'><strong>sunt:</strong></span> <span class='ocrx_word' id='word_1_12' title='bbox 655 622 713 683; x_wconf 92' lang='lat' dir='ltr'><strong>heu</strong></span> <span class='ocrx_word' id='word_1_13' title='bbox 734 623 793 684; x_wconf 92' lang='lat' dir='ltr'><strong>heu</strong></span> <span class='ocrx_word' id='word_1_14' title='bbox 813 628 846 687; x_wconf 86' lang='lat' dir='ltr'><strong>tu</strong></span> <span class='ocrx_word' id='word_1_15' title='bbox 865 625 939 686; x_wconf 89' lang='lat' dir='ltr'><strong>mihi</strong></span> <span class='ocrx_word' id='word_1_16' title='bbox 959 631 1055 689; x_wconf 86' lang='lat' dir='ltr'><strong>certus</strong></span> <span class='ocrx_word' id='word_1_17' title='bbox 1076 630 1154 689; x_wconf 84' lang='lat' dir='ltr'><strong>eres!</strong></span> 
     </span>
     <span class='ocr_line' id='line_1_4' title="bbox 302 725 1161 809; baseline 0.008 -21"><span class='ocrx_word' id='word_1_18' title='bbox 302 725 408 788; x_wconf 78' lang='lat' dir='ltr'>Certus</span> <span class='ocrx_word' id='word_1_19' title='bbox 428 743 494 788; x_wconf 86' lang='lat' dir='ltr'><strong>eres</strong></span> <span class='ocrx_word' id='word_1_20' title='bbox 514 725 573 788; x_wconf 90' lang='lat' dir='ltr'><strong>heu</strong></span> <span class='ocrx_word' id='word_1_21' title='bbox 593 725 668 807; x_wconf 91' lang='lat' dir='ltr'><strong>heu,</strong></span> <span class='ocrx_word' id='word_1_22' title='bbox 690 729 826 804; x_wconf 85' lang='lat' dir='ltr'><strong>quemvis</strong></span> <span class='ocrx_word' id='word_1_23' title='bbox 845 747 900 791; x_wconf 90' lang='lat' dir='ltr'><strong>nee</strong></span> <span class='ocrx_word' id='word_1_24' title='bbox 921 733 1064 809; x_wconf 81' lang='lat' dir='ltr'><strong>sanguine</strong></span> <span class='ocrx_word' id='word_1_25' title='bbox 1085 733 1161 794; x_wconf 84' lang='lat' dir='ltr'><strong>evito</strong></span> 
     </span>
     <span class='ocr_line' id='line_1_5' title="bbox 342 829 1252 907; baseline 0.004 -15"><span class='ocrx_word' id='word_1_26' title='bbox 342 829 459 892; x_wconf 84' lang='lat' dir='ltr'><strong>Nobilis</strong></span> <span class='ocrx_word' id='word_1_27' title='bbox 480 833 510 891; x_wconf 90' lang='lat' dir='ltr'><strong>et</strong></span> <span class='ocrx_word' id='word_1_28' title='bbox 530 829 673 907; x_wconf 67' lang='lat' dir='ltr'><strong>quemvis¹</strong></span> <span class='ocrx_word' id='word_1_29' title='bbox 684 831 765 892; x_wconf 86' lang='lat' dir='ltr'><strong>haud</strong></span> <span class='ocrx_word' id='word_1_30' title='bbox 786 832 829 894; x_wconf 81' lang='lat' dir='ltr'><strong>its</strong></span> <span class='ocrx_word' id='word_1_31' title='bbox 849 834 934 898; x_wconf 83' lang='lat' dir='ltr'><strong>dives</strong></span> <span class='ocrx_word' id='word_1_32' title='bbox 956 837 1058 898; x_wconf 83' lang='lat' dir='ltr'><strong>eres.&#39;’</strong></span> <span class='ocrx_word' id='word_1_33' title='bbox 1223 836 1252 896; x_wconf 82' lang='lat'><strong>20</strong></span> 
     </span>
    </p>
   </div>
   <div class='ocr_carea' id='block_1_3' title="bbox 182 1003 1253 1154">
    <p class='ocr_par' dir='ltr' id='par_1_3' title="bbox 182 1003 1253 1154">
     <span class='ocr_line' id='line_1_6' title="bbox 231 1003 1253 1077; baseline 0.003 -23"><span class='ocrx_word' id='word_1_34' title='bbox 231 1003 256 1054; x_wconf 84' lang='lat'><strong>2.</strong></span> <span class='ocrx_word' id='word_1_35' title='bbox 289 1003 363 1070; x_wconf 77' lang='lat' dir='ltr'><strong>Saepe</strong></span> <span class='ocrx_word' id='word_1_36' title='bbox 378 1003 432 1054; x_wconf 75' lang='lat' dir='ltr'><strong>cerei</strong></span> <span class='ocrx_word' id='word_1_37' title='bbox 447 1003 535 1054; x_wconf 85' lang='lat' dir='ltr'><strong>habent</strong></span> <span class='ocrx_word' id='word_1_38' title='bbox 552 1004 624 1054; x_wconf 87' lang='lat' dir='ltr'><strong>Codd.</strong></span> <span class='ocrx_word' id='word_1_39' title='bbox 641 1005 805 1056; x_wconf 80' lang='lat' dir='ltr'><strong>Lachmannus</strong></span> <span class='ocrx_word' id='word_1_40' title='bbox 823 1008 952 1076; x_wconf 78' lang='lat' dir='ltr'><strong>proposuit</strong></span> <span class='ocrx_word' id='word_1_41' title='bbox 967 1009 1039 1060; x_wconf 74' lang='lat' dir='ltr'><strong>velit.</strong></span> <span class='ocrx_word' id='word_1_42' title='bbox 1056 1008 1144 1077; x_wconf 82' lang='lat' dir='ltr'><strong>Scripsi</strong></span> <span class='ocrx_word' id='word_1_43' title='bbox 1151 1007 1206 1060; x_wconf 77' lang='lat' dir='ltr'><strong>venii</strong></span> <span class='ocrx_word' id='word_1_44' title='bbox 1213 1023 1253 1058; x_wconf 90' lang='lat' dir='ltr'><strong>cun</strong></span> 
     </span>
     <span class='ocr_line' id='line_1_7' title="bbox 182 1087 741 1154; baseline 0.005 -17"><span class='ocrx_word' id='word_1_45' title='bbox 182 1087 301 1139; x_wconf 78' lang='lat' dir='ltr'><strong>Puidamo.</strong></span> <span class='ocrx_word' id='word_1_46' title='bbox 341 1087 426 1138; x_wconf 78' lang='lat' dir='ltr'><strong>Venire</strong></span> <span class='ocrx_word' id='word_1_47' title='bbox 441 1103 485 1154; x_wconf 86' lang='lat' dir='ltr'><strong>pro</strong></span> <span class='ocrx_word' id='word_1_48' title='bbox 502 1103 551 1138; x_wconf 75' lang='lat' dir='ltr'><strong>eece</strong></span> <span class='ocrx_word' id='word_1_49' title='bbox 567 1091 630 1138; x_wconf 86' lang='lat' dir='ltr'><strong>recte</strong></span> <span class='ocrx_word' id='word_1_50' title='bbox 646 1089 741 1140; x_wconf 71' lang='lat' dir='ltr'><strong>(licitum</strong></span> 
     </span>
    </p>
   </div>
   <div class='ocr_carea' id='block_1_4' title="bbox 180 1151 1252 1329">
    <p class='ocr_par' dir='ltr' id='par_1_4' title="bbox 180 1151 1252 1329">
     <span class='ocr_line' id='line_1_8' title="bbox 231 1151 1252 1250; baseline 0 -21"><span class='ocrx_word' id='word_1_51' title='bbox 231 1180 256 1230; x_wconf 84' lang='lat'><strong>9.</strong></span> <span class='ocrx_word' id='word_1_52' title='bbox 291 1177 394 1229; x_wconf 76' lang='lat' dir='ltr'><em>Deducit</em></span> <span class='ocrx_word' id='word_1_53' title='bbox 415 1177 488 1228; x_wconf 77' lang='lat' dir='ltr'><strong>cnud.</strong></span> <span class='ocrx_word' id='word_1_54' title='bbox 510 1179 615 1230; x_wconf 79' lang='lat' dir='ltr'><strong>Diducet</strong></span> <span class='ocrx_word' id='word_1_55' title='bbox 635 1180 840 1232; x_wconf 83' lang='lat' dir='ltr'><strong>ex.Oommelieno</strong></span> <span class='ocrx_word' id='word_1_56' title='bbox 857 1151 1050 1250; x_wconf 67' lang='lat' dir='ltr'><strong>legendumjesse</strong></span> <span class='ocrx_word' id='word_1_57' title='bbox 1062 1182 1165 1250; x_wconf 79' lang='lat' dir='ltr'>plerique</span> <span class='ocrx_word' id='word_1_58' title='bbox 1176 1179 1252 1246; x_wconf 64' lang='lat' dir='ltr'><strong>jubente</strong></span> 
     </span>
     <span class='ocr_line' id='line_1_9' title="bbox 180 1260 841 1329; baseline 0.002 -16"><span class='ocrx_word' id='word_1_59' title='bbox 180 1261 292 1314; x_wconf 81' lang='lat' dir='ltr'><strong>Jacobiue</strong></span> <span class='ocrx_word' id='word_1_60' title='bbox 309 1260 419 1329; x_wconf 78' lang='lat' dir='ltr'><strong>probavit</strong></span> <span class='ocrx_word' id='word_1_61' title='bbox 434 1260 550 1311; x_wconf 77' lang='lat' dir='ltr'><strong>deducere</strong></span> <span class='ocrx_word' id='word_1_62' title='bbox 565 1262 636 1311; x_wconf 83' lang='lat' dir='ltr'><strong>etium</strong></span> <span class='ocrx_word' id='word_1_63' title='bbox 653 1277 701 1312; x_wconf 87' lang='lat' dir='ltr'><strong>esse</strong></span> <span class='ocrx_word' id='word_1_64' title='bbox 718 1263 841 1314; x_wconf 77' lang='lat' dir='ltr'><strong>abducere.</strong></span> 
     </span>
    </p>
   </div>
   <div class='ocr_carea' id='block_1_5' title="bbox 180 1349 1253 1499">
    <p class='ocr_par' dir='ltr' id='par_1_5' title="bbox 180 1349 1253 1499">
     <span class='ocr_line' id='line_1_10' title="bbox 215 1349 1253 1422; baseline 0.002 -21"><span class='ocrx_word' id='word_1_65' title='bbox 215 1352 255 1401; x_wconf 80' lang='lat'><strong>13.</strong></span> <span class='ocrx_word' id='word_1_66' title='bbox 289 1350 347 1400; x_wconf 86' lang='lat' dir='ltr'><strong>Noli</strong></span> <span class='ocrx_word' id='word_1_67' title='bbox 369 1351 485 1410; x_wconf 86' lang='lat' dir='ltr'><strong>conferre,</strong></span> <span class='ocrx_word' id='word_1_68' title='bbox 509 1349 563 1400; x_wconf 83' lang='lat' dir='ltr'><strong>dere</strong></span> <span class='ocrx_word' id='word_1_69' title='bbox 582 1365 686 1402; x_wconf 85' lang='lat' dir='ltr'><strong>amorem</strong></span> <span class='ocrx_word' id='word_1_70' title='bbox 701 1353 770 1402; x_wconf 85' lang='lat' dir='ltr'><strong>tuum</strong></span> <span class='ocrx_word' id='word_1_71' title='bbox 787 1351 907 1403; x_wconf 89' lang='lat' dir='ltr'><strong>nobilibus</strong></span> <span class='ocrx_word' id='word_1_72' title='bbox 924 1357 948 1405; x_wconf 91' lang='lat' dir='ltr'><strong>et</strong></span> <span class='ocrx_word' id='word_1_73' title='bbox 963 1354 1133 1422; x_wconf 83' lang='lat' dir='ltr'><strong>locupletibus,</strong></span> <span class='ocrx_word' id='word_1_74' title='bbox 1149 1358 1176 1406; x_wconf 86' lang='lat' dir='ltr'><strong>ut</strong></span> <span class='ocrx_word' id='word_1_75' title='bbox 1189 1355 1253 1405; x_wconf 79' lang='lat' dir='ltr'><strong>Pene-</strong></span> 
     </span>
     <span class='ocr_line' id='line_1_11' title="bbox 180 1432 456 1499; baseline -0.011 -15"><span class='ocrx_word' id='word_1_76' title='bbox 180 1433 254 1484; x_wconf 88' lang='lat' dir='ltr'><strong>retius</strong></span> <span class='ocrx_word' id='word_1_77' title='bbox 270 1436 333 1484; x_wconf 86' lang='lat' dir='ltr'><strong>recte</strong></span> <span class='ocrx_word' id='word_1_78' title='bbox 349 1432 456 1499; x_wconf 82' lang='lat' dir='ltr'><strong>explicet.</strong></span> 
     </span>
    </p>
   </div>
   <div class='ocr_carea' id='block_1_6' title="bbox 180 1489 1293 1664">
    <p class='ocr_par' dir='ltr' id='par_1_6' title="bbox 180 1489 1293 1664">
     <span class='ocr_line' id='line_1_12' title="bbox 214 1489 1293 1592; baseline 0.006 -21"><span class='ocrx_word' id='word_1_79' title='bbox 214 1523 255 1572; x_wconf 86' lang='lat'><strong>20.</strong></span> <span class='ocrx_word' id='word_1_80' title='bbox 288 1521 379 1572; x_wconf 82' lang='lat' dir='ltr'><strong>Navita</strong></span> <span class='ocrx_word' id='word_1_81' title='bbox 392 1521 457 1572; x_wconf 72' lang='lat' dir='ltr'><strong>dicer</strong></span> <span class='ocrx_word' id='word_1_82' title='bbox 471 1521 544 1571; x_wconf 78' lang='lat' dir='ltr'><strong>Oedi.</strong></span> <span class='ocrx_word' id='word_1_83' title='bbox 563 1522 624 1572; x_wconf 88' lang='lat' dir='ltr'><strong>unde</strong></span> <span class='ocrx_word' id='word_1_84' title='bbox 640 1521 721 1573; x_wconf 77' lang='lat' dir='ltr'><strong>fabule</strong></span> <span class='ocrx_word' id='word_1_85' title='bbox 737 1524 765 1574; x_wconf 86' lang='lat' dir='ltr'><strong>de</strong></span> <span class='ocrx_word' id='word_1_86' title='bbox 782 1525 907 1592; x_wconf 77' lang='lat' dir='ltr'>Propertio</span> <span class='ocrx_word' id='word_1_87' title='bbox 924 1530 1002 1578; x_wconf 79' lang='lat' dir='ltr'><strong>naute.</strong></span> <span class='ocrx_word' id='word_1_88' title='bbox 1038 1527 1193 1580; x_wconf 61' lang='lat' dir='ltr'><strong>coemerunt</strong></span> <span class='ocrx_word' id='word_1_89' title='bbox 1207 1527 1254 1579; x_wconf 87' lang='lat' dir='ltr'><strong>Pou·</strong></span> <span class='ocrx_word' id='word_1_90' title='bbox 1292 1489 1293 1520; x_wconf 30' lang='lat'>¹</span> 
     </span>
     <span class='ocr_line' id='line_1_13' title="bbox 180 1604 927 1664; baseline 0.005 -8"><span class='ocrx_word' id='word_1_91' title='bbox 180 1608 249 1656; x_wconf 84' lang='lat' dir='ltr'><strong>tenus</strong></span> <span class='ocrx_word' id='word_1_92' title='bbox 265 1607 289 1656; x_wconf 88' lang='lat' dir='ltr'><strong>et</strong></span> <span class='ocrx_word' id='word_1_93' title='bbox 306 1604 433 1656; x_wconf 82' lang='lat' dir='ltr'><strong>Berouldus</strong></span> <span class='ocrx_word' id='word_1_94' title='bbox 449 1619 497 1655; x_wconf 79' lang='lat' dir='ltr'><strong>non</strong></span> <span class='ocrx_word' id='word_1_95' title='bbox 512 1604 550 1656; x_wconf 81' lang='lat' dir='ltr'><strong>ita</strong></span> <span class='ocrx_word' id='word_1_96' title='bbox 567 1605 645 1664; x_wconf 56' lang='lat' dir='ltr'><strong>dicen·</strong></span> <span class='ocrx_word' id='word_1_97' title='bbox 670 1606 782 1658; x_wconf 87' lang='lat' dir='ltr'><strong>Heinsius</strong></span> <span class='ocrx_word' id='word_1_98' title='bbox 800 1609 869 1659; x_wconf 78' lang='lat' dir='ltr'><strong>houd</strong></span> <span class='ocrx_word' id='word_1_99' title='bbox 882 1609 927 1660; x_wconf 74' lang='lat' dir='ltr'><strong>itu.</strong></span> 
     </span>
    </p>
   </div>
   <div class='ocr_carea' id='block_1_7' title="bbox 528 1814 930 1920">
    <p class='ocr_par' dir='ltr' id='par_1_7' title="bbox 528 1814 930 1920">
     <span class='ocr_line' id='line_1_14' title="bbox 528 1814 930 1920; baseline 0.005 -2"><span class='ocrx_word' id='word_1_100' title='bbox 528 1814 930 1920; x_wconf 57' lang='lat' dir='ltr'><strong>unu&#39;srnxn.</strong></span> 
     </span>
    </p>
   </div>
   <div class='ocr_carea' id='block_1_8' title="bbox 361 1989 1095 2194">
    <p class='ocr_par' dir='ltr' id='par_1_8' title="bbox 361 1989 1095 2194">
     <span class='ocr_line' id='line_1_15' title="bbox 361 1989 1095 2059; baseline 0.005 -4"><span class='ocrx_word' id='word_1_101' title='bbox 361 2006 413 2055; x_wconf 77' lang='grc' dir='ltr'><strong>ΔΙ)</strong></span> <span class='ocrx_word' id='word_1_102' title='bbox 427 2007 568 2054; x_wconf 75' lang='lat' dir='ltr'><strong>Jovnnr.</strong></span> <span class='ocrx_word' id='word_1_103' title='bbox 594 1989 675 2054; x_wconf 74' lang='lat' dir='ltr'><strong>Pleu</strong></span> <span class='ocrx_word' id='word_1_104' title='bbox 689 2007 808 2056; x_wconf 71' lang='lat' dir='ltr'>AHIGA</span> <span class='ocrx_word' id='word_1_105' title='bbox 823 2009 1095 2059; x_wconf 70' lang='lat' dir='ltr'>AEGRMXNTE.</span> 
     </span>
     <span class='ocr_line' id='line_1_16' title="bbox 411 2129 1043 2194; baseline 0.006 -16"><span class='ocrx_word' id='word_1_106' title='bbox 411 2129 496 2194; x_wconf 83' lang='lat' dir='ltr'><strong>(codd.</strong></span> <span class='ocrx_word' id='word_1_107' title='bbox 511 2129 557 2189; x_wconf 89' lang='lat'><strong>28,</strong></span> <span class='ocrx_word' id='word_1_108' title='bbox 575 2130 658 2180; x_wconf 88' lang='lat' dir='ltr'><strong>Burm.</strong></span> <span class='ocrx_word' id='word_1_109' title='bbox 676 2130 721 2192; x_wconf 88' lang='lat'><strong>21,</strong></span> <span class='ocrx_word' id='word_1_110' title='bbox 740 2131 768 2181; x_wconf 93' lang='lat'><strong>11</strong></span> <span class='ocrx_word' id='word_1_111' title='bbox 774 2151 781 2189; x_wconf 92' lang='lat'>;</span> <span class='ocrx_word' id='word_1_112' title='bbox 798 2131 896 2183; x_wconf 72' lang='lat' dir='ltr'><strong>Lucbm</strong></span> <span class='ocrx_word' id='word_1_113' title='bbox 913 2132 959 2192; x_wconf 85' lang='lat'><strong>22,</strong></span> <span class='ocrx_word' id='word_1_114' title='bbox 978 2132 1043 2194; x_wconf 85' lang='grc' dir='ltr'>ΙΙΙ.)</span> 
     </span>
    </p>
   </div>
   <div class='ocr_carea' id='block_1_9' title="bbox 213 2263 1232 2742">
    <p class='ocr_par' dir='ltr' id='par_1_9' title="bbox 213 2263 1232 2742">
     <span class='ocr_line' id='line_1_17' title="bbox 213 2263 1232 2332; baseline -0.005 -16"><span class='ocrx_word' id='word_1_115' title='bbox 213 2265 286 2317; x_wconf 82' lang='lat' dir='ltr'><strong>eoid.</strong></span> <span class='ocrx_word' id='word_1_116' title='bbox 303 2265 387 2330; x_wconf 82' lang='lat' dir='ltr'><strong>elegius</strong></span> <span class='ocrx_word' id='word_1_117' title='bbox 409 2265 477 2325; x_wconf 91' lang='lat' dir='ltr'>XII,</span> <span class='ocrx_word' id='word_1_118' title='bbox 495 2264 562 2314; x_wconf 86' lang='lat' dir='ltr'>XIII</span> <span class='ocrx_word' id='word_1_119' title='bbox 580 2269 604 2315; x_wconf 92' lang='lat' dir='ltr'><strong>et</strong></span> <span class='ocrx_word' id='word_1_120' title='bbox 621 2265 681 2314; x_wconf 85' lang='lat' dir='ltr'><strong>XIV</strong></span> <span class='ocrx_word' id='word_1_121' title='bbox 698 2265 759 2316; x_wconf 81' lang='lat' dir='ltr'><strong>mele</strong></span> <span class='ocrx_word' id='word_1_122' title='bbox 776 2266 941 2332; x_wconf 75' lang='lat' dir='ltr'><strong>conglutinant</strong></span> <span class='ocrx_word' id='word_1_123' title='bbox 957 2268 1044 2332; x_wconf 84' lang='lat' dir='ltr'><strong>(Neup.</strong></span> <span class='ocrx_word' id='word_1_124' title='bbox 1062 2268 1142 2314; x_wconf 70' lang='lat' dir='ltr'><strong>teumn</strong></span> <span class='ocrx_word' id='word_1_125' title='bbox 1159 2263 1206 2314; x_wconf 91' lang='lat' dir='ltr'><strong>XII</strong></span> <span class='ocrx_word' id='word_1_126' title='bbox 1220 2276 1232 2310; x_wconf 85' lang='lat' dir='ltr'><strong>u</strong></span> 
     </span>
     <span class='ocr_line' id='line_1_18' title="bbox 246 2345 1232 2414; baseline -0.004 -16"><span class='ocrx_word' id='word_1_127' title='bbox 246 2348 314 2398; x_wconf 88' lang='lat' dir='ltr'>XIII</span> <span class='ocrx_word' id='word_1_128' title='bbox 327 2351 440 2413; x_wconf 80' lang='lat' dir='ltr'><strong>separet);</strong></span> <span class='ocrx_word' id='word_1_129' title='bbox 457 2347 572 2411; x_wconf 80' lang='lat' dir='ltr'><strong>disjunxit</strong></span> <span class='ocrx_word' id='word_1_130' title='bbox 585 2345 708 2407; x_wconf 62' lang='lat' dir='ltr'><strong>Iacobus,</strong></span> <span class='ocrx_word' id='word_1_131' title='bbox 725 2347 766 2414; x_wconf 90' lang='lat' dir='ltr'><strong>qui</strong></span> <span class='ocrx_word' id='word_1_132' title='bbox 780 2349 869 2414; x_wconf 86' lang='lat' dir='ltr'><strong>optime</strong></span> <span class='ocrx_word' id='word_1_133' title='bbox 881 2349 942 2398; x_wconf 80' lang='lat' dir='ltr'><strong>vidit</strong></span> <span class='ocrx_word' id='word_1_134' title='bbox 950 2347 1082 2413; x_wconf 81' lang='lat' dir='ltr'><strong>urgrrmenti</strong></span> <span class='ocrx_word' id='word_1_135' title='bbox 1090 2346 1232 2397; x_wconf 85' lang='lat' dir='ltr'><strong>similitudine</strong></span> 
     </span>
     <span class='ocr_line' id='line_1_19' title="bbox 245 2429 1232 2498; baseline -0.001 -19"><span class='ocrx_word' id='word_1_136' title='bbox 245 2429 333 2480; x_wconf 79' lang='lat' dir='ltr'><strong>senibus</strong></span> <span class='ocrx_word' id='word_1_137' title='bbox 350 2429 375 2479; x_wconf 89' lang='lat' dir='ltr'><strong>in</strong></span> <span class='ocrx_word' id='word_1_138' title='bbox 391 2444 494 2479; x_wconf 86' lang='lat' dir='ltr'><strong>errorem</strong></span> <span class='ocrx_word' id='word_1_139' title='bbox 509 2429 616 2479; x_wconf 84' lang='lat' dir='ltr'><strong>inductos</strong></span> <span class='ocrx_word' id='word_1_140' title='bbox 633 2445 690 2481; x_wconf 81' lang='lat' dir='ltr'><strong>esse.</strong></span> <span class='ocrx_word' id='word_1_141' title='bbox 723 2430 755 2480; x_wconf 93' lang='lat' dir='ltr'><strong>Iu</strong></span> <span class='ocrx_word' id='word_1_142' title='bbox 771 2430 816 2480; x_wconf 81' lang='lat' dir='ltr'><strong>huc</strong></span> <span class='ocrx_word' id='word_1_143' title='bbox 831 2431 909 2498; x_wconf 83' lang='lat' dir='ltr'><strong>prime</strong></span> <span class='ocrx_word' id='word_1_144' title='bbox 925 2431 1063 2497; x_wconf 84' lang='lat' dir='ltr'><strong>Propertius</strong></span> <span class='ocrx_word' id='word_1_145' title='bbox 1081 2432 1232 2495; x_wconf 75' lang='lat' dir='ltr'><strong>aegrotantem</strong></span> 
     </span>
     <span class='ocr_line' id='line_1_20' title="bbox 244 2509 1230 2578; baseline -0.002 -17"><span class='ocrx_word' id='word_1_146' title='bbox 244 2511 347 2578; x_wconf 83' lang='lat' dir='ltr'><strong>puellum</strong></span> <span class='ocrx_word' id='word_1_147' title='bbox 363 2511 448 2560; x_wconf 82' lang='lat' dir='ltr'><strong>teneris</strong></span> <span class='ocrx_word' id='word_1_148' title='bbox 465 2509 596 2571; x_wconf 73' lang='lat' dir='ltr'><strong>blanditiis,</strong></span> <span class='ocrx_word' id='word_1_149' title='bbox 618 2510 750 2577; x_wconf 69' lang='lat' dir='ltr'><strong>salibusque</strong></span> <span class='ocrx_word' id='word_1_150' title='bbox 766 2511 870 2571; x_wconf 84' lang='lat' dir='ltr'><strong>soletur,</strong></span> <span class='ocrx_word' id='word_1_151' title='bbox 894 2511 960 2561; x_wconf 89' lang='lat' dir='ltr'><strong>eine</strong></span> <span class='ocrx_word' id='word_1_152' title='bbox 977 2512 1032 2578; x_wconf 87' lang='lat' dir='ltr'><strong>quid</strong></span> <span class='ocrx_word' id='word_1_153' title='bbox 1050 2511 1164 2561; x_wconf 66' lang='lat' dir='ltr'><strong>conduct</strong></span> <span class='ocrx_word' id='word_1_154' title='bbox 1180 2525 1230 2560; x_wconf 91' lang='lat' dir='ltr'><strong>nou·</strong></span> 
     </span>
     <span class='ocr_line' id='line_1_21' title="bbox 244 2592 1231 2660; baseline 0 -18"><span class='ocrx_word' id='word_1_155' title='bbox 244 2593 300 2644; x_wconf 86' lang='lat' dir='ltr'><strong>dum</strong></span> <span class='ocrx_word' id='word_1_156' title='bbox 307 2593 400 2644; x_wconf 87' lang='lat' dir='ltr'><strong>timens.</strong></span> <span class='ocrx_word' id='word_1_157' title='bbox 412 2621 446 2630; x_wconf 92' lang='lat'>—</span> <span class='ocrx_word' id='word_1_158' title='bbox 461 2592 492 2641; x_wconf 91' lang='lat' dir='ltr'><strong>In</strong></span> <span class='ocrx_word' id='word_1_159' title='bbox 509 2592 613 2642; x_wconf 87' lang='lat' dir='ltr'><strong>Secundo</strong></span> <span class='ocrx_word' id='word_1_160' title='bbox 628 2593 700 2644; x_wconf 89' lang='lat' dir='ltr'><strong>Libro</strong></span> <span class='ocrx_word' id='word_1_161' title='bbox 716 2594 829 2644; x_wconf 84' lang='lat' dir='ltr'><strong>Codicum</strong></span> <span class='ocrx_word' id='word_1_162' title='bbox 843 2594 955 2660; x_wconf 86' lang='lat' dir='ltr'><strong>leguntur</strong></span> <span class='ocrx_word' id='word_1_163' title='bbox 960 2615 968 2653; x_wconf 91' lang='lat'>;</span> <span class='ocrx_word' id='word_1_164' title='bbox 988 2598 1013 2645; x_wconf 86' lang='lat' dir='ltr'><strong>et</strong></span> <span class='ocrx_word' id='word_1_165' title='bbox 1029 2595 1114 2645; x_wconf 82' lang='lat' dir='ltr'>XXXI</span> <span class='ocrx_word' id='word_1_166' title='bbox 1123 2595 1148 2646; x_wconf 87' lang='lat' dir='ltr'><strong>in</strong></span> <span class='ocrx_word' id='word_1_167' title='bbox 1157 2595 1231 2646; x_wconf 81' lang='lat' dir='ltr'><strong>Prinne</strong></span> 
     </span>
     <span class='ocr_line' id='line_1_22' title="bbox 244 2674 880 2742; baseline 0.002 -16"><span class='ocrx_word' id='word_1_168' title='bbox 244 2675 317 2726; x_wconf 86' lang='lat' dir='ltr'><strong>Libro</strong></span> <span class='ocrx_word' id='word_1_169' title='bbox 334 2674 479 2726; x_wconf 79' lang='lat' dir='ltr'><strong>collocandus</strong></span> <span class='ocrx_word' id='word_1_170' title='bbox 495 2691 544 2724; x_wconf 88' lang='lat' dir='ltr'><strong>esse</strong></span> <span class='ocrx_word' id='word_1_171' title='bbox 560 2678 652 2734; x_wconf 85' lang='lat' dir='ltr'><strong>mouet;</strong></span> <span class='ocrx_word' id='word_1_172' title='bbox 669 2675 703 2725; x_wconf 89' lang='lat' dir='ltr'><strong>ibi</strong></span> <span class='ocrx_word' id='word_1_173' title='bbox 719 2676 781 2726; x_wconf 89' lang='lat' dir='ltr'><strong>enim</strong></span> <span class='ocrx_word' id='word_1_174' title='bbox 797 2680 880 2742; x_wconf 77' lang='lat' dir='ltr'><strong>poete:</strong></span> 
     </span>
    </p>
   </div>
   <div class='ocr_carea' id='block_1_10' title="bbox 375 2764 1058 2915">
    <p class='ocr_par' dir='ltr' id='par_1_10' title="bbox 375 2764 1058 2915">
     <span class='ocr_line' id='line_1_23' title="bbox 375 2764 1036 2831; baseline 0.003 -16"><span class='ocrx_word' id='word_1_175' title='bbox 375 2764 444 2815; x_wconf 81' lang='lat' dir='ltr'><strong>Haec</strong></span> <span class='ocrx_word' id='word_1_176' title='bbox 459 2764 519 2815; x_wconf 80' lang='lat' dir='ltr'><strong>mihi</strong></span> <span class='ocrx_word' id='word_1_177' title='bbox 535 2767 590 2814; x_wconf 82' lang='lat' dir='ltr'><strong>eota</strong></span> <span class='ocrx_word' id='word_1_178' title='bbox 606 2768 673 2815; x_wconf 72' lang='lat' dir='ltr'><strong>tuam</strong></span> <span class='ocrx_word' id='word_1_179' title='bbox 683 2769 783 2830; x_wconf 78' lang='lat' dir='ltr'><strong>propter</strong></span> <span class='ocrx_word' id='word_1_180' title='bbox 798 2770 907 2831; x_wconf 70' lang='lat' dir='ltr'><strong>suscepta</strong></span> <span class='ocrx_word' id='word_1_181' title='bbox 922 2768 1036 2826; x_wconf 77' lang='lat' dir='ltr'><strong>salutem,</strong></span> 
     </span>
     <span class='ocr_line' id='line_1_24' title="bbox 411 2846 1058 2915; baseline 0.006 -19"><span class='ocrx_word' id='word_1_182' title='bbox 411 2847 469 2897; x_wconf 77' lang='lat' dir='ltr'><strong>Cum</strong></span> <span class='ocrx_word' id='word_1_183' title='bbox 485 2846 562 2912; x_wconf 79' lang='lat' dir='ltr'><strong>eapite</strong></span> <span class='ocrx_word' id='word_1_184' title='bbox 578 2847 623 2897; x_wconf 75' lang='lat' dir='ltr'><strong>hoe</strong></span> <span class='ocrx_word' id='word_1_185' title='bbox 639 2847 736 2912; x_wconf 59' lang='lat' dir='ltr'><strong>Secutae</strong></span> <span class='ocrx_word' id='word_1_186' title='bbox 746 2846 802 2912; x_wconf 82' lang='lat' dir='ltr'><strong>jam</strong></span> <span class='ocrx_word' id='word_1_187' title='bbox 814 2852 957 2913; x_wconf 76' lang='lat' dir='ltr'><strong>poterentur</strong></span> <span class='ocrx_word' id='word_1_188' title='bbox 973 2865 1058 2915; x_wconf 84' lang='lat' dir='ltr'><strong>aquae.</strong></span> 
     </span>
    </p>
   </div>
   <div class='ocr_carea' id='block_1_11' title="bbox 295 3005 1255 3815">
    <p class='ocr_par' dir='ltr' id='par_1_11' title="bbox 296 3005 1043 3190">
     <span class='ocr_line' id='line_1_25' title="bbox 296 3005 1043 3088; baseline 0.004 -20"><span class='ocrx_word' id='word_1_189' title='bbox 296 3005 448 3086; x_wconf 80' lang='lat' dir='ltr'><strong>luppiter,</strong></span> <span class='ocrx_word' id='word_1_190' title='bbox 469 3007 591 3068; x_wconf 79' lang='lat' dir='ltr'><strong>affectae</strong></span> <span class='ocrx_word' id='word_1_191' title='bbox 611 3007 731 3068; x_wconf 83' lang='lat' dir='ltr'><strong>tandem</strong></span> <span class='ocrx_word' id='word_1_192' title='bbox 750 3008 890 3070; x_wconf 86' lang='lat' dir='ltr'><strong>miserere</strong></span> <span class='ocrx_word' id='word_1_193' title='bbox 909 3010 1043 3088; x_wconf 80' lang='lat' dir='ltr'><strong>puellae:</strong></span> 
     </span>
     <span class='ocr_line' id='line_1_26' title="bbox 337 3109 1012 3190; baseline 0.003 -19"><span class='ocrx_word' id='word_1_194' title='bbox 337 3109 414 3190; x_wconf 69' lang='lat' dir='ltr'><strong>&#39;lum</strong></span> <span class='ocrx_word' id='word_1_195' title='bbox 433 3110 559 3172; x_wconf 81' lang='lat' dir='ltr'><strong>formose</strong></span> <span class='ocrx_word' id='word_1_196' title='bbox 579 3114 660 3172; x_wconf 91' lang='lat' dir='ltr'><strong>tuum</strong></span> <span class='ocrx_word' id='word_1_197' title='bbox 680 3115 795 3172; x_wconf 83' lang='lat' dir='ltr'><strong>mortua</strong></span> <span class='ocrx_word' id='word_1_198' title='bbox 814 3111 926 3172; x_wconf 83' lang='lat' dir='ltr'><strong>crimen</strong></span> <span class='ocrx_word' id='word_1_199' title='bbox 946 3113 1012 3174; x_wconf 80' lang='lat' dir='ltr'><strong>erit</strong></span> 
     </span>
    </p>

    <p class='ocr_par' dir='ltr' id='par_1_12' title="bbox 297 3213 1090 3394">
     <span class='ocr_line' id='line_1_27' title="bbox 297 3213 1090 3296; baseline 0.001 -22"><span class='ocrx_word' id='word_1_200' title='bbox 297 3213 387 3275; x_wconf 89' lang='lat' dir='ltr'><strong>Venit</strong></span> <span class='ocrx_word' id='word_1_201' title='bbox 407 3214 485 3275; x_wconf 89' lang='lat' dir='ltr'><strong>enim</strong></span> <span class='ocrx_word' id='word_1_202' title='bbox 505 3219 636 3294; x_wconf 90' lang='lat' dir='ltr'><strong>tempus,</strong></span> <span class='ocrx_word' id='word_1_203' title='bbox 657 3232 716 3291; x_wconf 92' lang='lat' dir='ltr'><strong>quo</strong></span> <span class='ocrx_word' id='word_1_204' title='bbox 736 3216 864 3276; x_wconf 86' lang='lat' dir='ltr'><strong>torridus</strong></span> <span class='ocrx_word' id='word_1_205' title='bbox 885 3218 1001 3277; x_wconf 83' lang='lat' dir='ltr'><strong>aestuat</strong></span> <span class='ocrx_word' id='word_1_206' title='bbox 1021 3219 1090 3296; x_wconf 75' lang='lat' dir='ltr'><strong>abr,</strong></span> 
     </span>
     <span class='ocr_line' id='line_1_28' title="bbox 336 3315 932 3394; baseline 0.003 -18"><span class='ocrx_word' id='word_1_207' title='bbox 336 3315 445 3394; x_wconf 74' lang='lat' dir='ltr'><strong>IneipIt</strong></span> <span class='ocrx_word' id='word_1_208' title='bbox 464 3320 494 3376; x_wconf 89' lang='lat' dir='ltr'><strong>et</strong></span> <span class='ocrx_word' id='word_1_209' title='bbox 513 3316 591 3378; x_wconf 85' lang='lat' dir='ltr'><strong>sicco</strong></span> <span class='ocrx_word' id='word_1_210' title='bbox 611 3316 725 3378; x_wconf 80' lang='lat' dir='ltr'><strong>fervere</strong></span> <span class='ocrx_word' id='word_1_211' title='bbox 744 3322 824 3379; x_wconf 87' lang='lat' dir='ltr'><strong>terra</strong></span> <span class='ocrx_word' id='word_1_212' title='bbox 844 3317 932 3380; x_wconf 82' lang='lat' dir='ltr'><strong>(lane.</strong></span> 
     </span>
    </p>

    <p class='ocr_par' dir='ltr' id='par_1_13' title="bbox 296 3417 1255 3596">
     <span class='ocr_line' id='line_1_29' title="bbox 296 3417 1255 3503; baseline 0.005 -24"><span class='ocrx_word' id='word_1_213' title='bbox 296 3417 356 3480; x_wconf 80' lang='lat' dir='ltr'><strong>Sed</strong></span> <span class='ocrx_word' id='word_1_214' title='bbox 375 3437 433 3481; x_wconf 91' lang='lat' dir='ltr'><strong>non</strong></span> <span class='ocrx_word' id='word_1_215' title='bbox 452 3423 513 3481; x_wconf 85' lang='lat' dir='ltr'><strong>tem</strong></span> <span class='ocrx_word' id='word_1_216' title='bbox 534 3420 647 3482; x_wconf 84' lang='lat' dir='ltr'><strong>ardoris</strong></span> <span class='ocrx_word' id='word_1_217' title='bbox 667 3423 754 3500; x_wconf 86' lang='lat' dir='ltr'><strong>culpe</strong></span> <span class='ocrx_word' id='word_1_218' title='bbox 773 3427 834 3502; x_wconf 90' lang='lat' dir='ltr'><strong>est,</strong></span> <span class='ocrx_word' id='word_1_219' title='bbox 854 3440 951 3500; x_wconf 90' lang='lat' dir='ltr'><strong>neque</strong></span> <span class='ocrx_word' id='word_1_220' title='bbox 971 3423 1094 3485; x_wconf 83' lang='lat' dir='ltr'><strong>erimine</strong></span> <span class='ocrx_word' id='word_1_221' title='bbox 1113 3422 1203 3503; x_wconf 79' lang='lat' dir='ltr'><strong>caeli,</strong></span> <span class='ocrx_word' id='word_1_222' title='bbox 1240 3417 1255 3477; x_wconf 84' lang='lat'><strong>5</strong></span> 
     </span>
     <span class='ocr_line' id='line_1_30' title="bbox 336 3521 1014 3596; baseline 0.007 -13"><span class='ocrx_word' id='word_1_223' title='bbox 336 3521 432 3596; x_wconf 78' lang='lat' dir='ltr'><strong>Quum</strong></span> <span class='ocrx_word' id='word_1_224' title='bbox 451 3523 539 3584; x_wconf 84' lang='lat' dir='ltr'><strong>toties</strong></span> <span class='ocrx_word' id='word_1_225' title='bbox 559 3528 676 3586; x_wconf 77' lang='lat' dir='ltr'><strong>sanctos</strong></span> <span class='ocrx_word' id='word_1_226' title='bbox 695 3544 754 3586; x_wconf 92' lang='lat' dir='ltr'><strong>non</strong></span> <span class='ocrx_word' id='word_1_227' title='bbox 773 3526 913 3588; x_wconf 85' lang='lat' dir='ltr'><strong>habuisse</strong></span> <span class='ocrx_word' id='word_1_228' title='bbox 933 3527 1014 3589; x_wconf 87' lang='lat' dir='ltr'><strong>deos.</strong></span> 
     </span>
    </p>

    <p class='ocr_par' dir='ltr' id='par_1_14' title="bbox 295 3626 1096 3815">
     <span class='ocr_line' id='line_1_31' title="bbox 295 3626 1096 3710; baseline 0.009 -25"><span class='ocrx_word' id='word_1_229' title='bbox 295 3626 358 3687; x_wconf 87' lang='lat' dir='ltr'><strong>Hoc</strong></span> <span class='ocrx_word' id='word_1_230' title='bbox 377 3627 475 3704; x_wconf 84' lang='lat' dir='ltr'><strong>perdit</strong></span> <span class='ocrx_word' id='word_1_231' title='bbox 494 3628 632 3709; x_wconf 84' lang='lat' dir='ltr'><strong>miseras,</strong></span> <span class='ocrx_word' id='word_1_232' title='bbox 653 3628 709 3691; x_wconf 89' lang='lat' dir='ltr'><strong>hoc</strong></span> <span class='ocrx_word' id='word_1_233' title='bbox 727 3631 858 3708; x_wconf 83' lang='lat' dir='ltr'><strong>perdidit</strong></span> <span class='ocrx_word' id='word_1_234' title='bbox 878 3635 947 3692; x_wconf 83' lang='lat' dir='ltr'><strong>ente</strong></span> <span class='ocrx_word' id='word_1_235' title='bbox 966 3633 1096 3710; x_wconf 79' lang='lat' dir='ltr'><strong>puellos:</strong></span> 
     </span>
     <span class='ocr_line' id='line_1_32' title="bbox 335 3730 1040 3815; baseline 0.003 -21"><span class='ocrx_word' id='word_1_236' title='bbox 335 3730 484 3810; x_wconf 77' lang='lat' dir='ltr'><strong>Quicquid</strong></span> <span class='ocrx_word' id='word_1_237' title='bbox 499 3734 656 3815; x_wconf 82' lang='lat' dir='ltr'><strong>jurarunt,</strong></span> <span class='ocrx_word' id='word_1_238' title='bbox 675 3740 781 3798; x_wconf 88' lang='lat' dir='ltr'><strong>ventus</strong></span> <span class='ocrx_word' id='word_1_239' title='bbox 802 3741 833 3799; x_wconf 89' lang='lat' dir='ltr'><strong>et</strong></span> <span class='ocrx_word' id='word_1_240' title='bbox 852 3737 932 3800; x_wconf 81' lang='lat' dir='ltr'><strong>unda</strong></span> <span class='ocrx_word' id='word_1_241' title='bbox 951 3737 1040 3814; x_wconf 86' lang='lat' dir='ltr'><strong>rupit.</strong></span> 
     </span>
    </p>
   </div>
   <div class='ocr_carea' id='block_1_12' title="bbox 0 0 1324 4400">
    <p class='ocr_par' dir='ltr' id='par_1_15' title="bbox 0 0 1324 4400">
     <span class='ocr_line' id='line_1_33' title="bbox 0 0 1324 4400; baseline 0 2"><span class='ocrx_word' id='word_1_242' title='bbox 0 0 1324 4400; x_wconf 95' lang='lat' dir='ltr'><strong> </strong></span> 
     </span>
    </p>
   </div>
  </div>
 </body>
</html>
