2624 4398
566 325 623 433 roa

163 549 251 612 Nune
270 548 338 610 volo
357 546 500 610 subduoto
520 546 637 625 gravior
655 545 814 625 prooedere
832 547 931 630 vultu3

205 653 292 714 Nune
312 650 402 713 aliem
422 649 565 712 citharam
585 669 632 712 me
653 669 720 712 mea
739 651 826 714 llusa
845 650 940 715 deest.

165 756 276 837 Surge,
297 755 407 834 anime,
428 771 467 814 ex
486 752 591 816 humih
606 754 671 833 jam
691 755 835 818 earmina:
855 757 962 821 sumite
982 758 1078 840 vires,

203 858 354 920 Pierides!
374 856 473 934 magni
493 874 570 917 nune
590 856 647 917 erit
666 857 726 918 oris
745 875 827 936 opus.

164 963 250 1040 Quod
270 963 296 1023 si
317 959 454 1022 deficiant
473 959 568 1039 vires,
588 959 713 1021 audacia
733 964 812 1022 eerte
1098 965 1137 1026 15

202 1067 284 1128 Lam
304 1066 376 1126 erit:
398 1065 428 1124 in
447 1063 563 1141 magnis
583 1065 614 1123 et
632 1062 762 1124 voluisse
782 1065 830 1124 sat
849 1067 903 1126 est.

162 1173 230 1234 Jam
250 1173 340 1247 negat
360 1167 527 1246 Euphrates
548 1166 678 1242 equitem
697 1169 764 1243 post
783 1170 867 1244 terga
886 1167 964 1230 tueri

202 1273 392 1352 Parthorum,
413 1275 443 1332 et
463 1270 584 1332 Orassos
604 1286 636 1331 se
656 1269 787 1330 tenuisse
807 1269 896 1331 dolet

162 1379 248 1440 India
267 1377 355 1456 quin,
375 1374 524 1454 Auguste,
545 1377 596 1436 tuo
616 1373 668 1434 dat
687 1373 764 1434 eolla
783 1374 946 1457 triumpho,

201 1481 241 1543 ut
261 1481 364 1542 domus
384 1479 512 1539 intactae
532 1481 563 1537 te
583 1477 683 1537 tremit
701 1475 847 1558 Arabiam
1095 1484 1135 1544 20

162 1585 203 1649 ut
222 1585 249 1647 si
270 1602 329 1661 qna
349 1581 488 1644 extremis
507 1581 596 1642 tellus
616 1597 649 1641 se
669 1581 817 1642 subtrahit
836 1582 910 1664 oris,

203 1687 318 1750 Sentiet
337 1686 390 1747 illa
409 1689 476 1746 tuas
496 1684 648 1764 postmodo
668 1688 757 1763 eapte
775 1703 889 1748 manus.

160 1793 244 1855 Haeo
264 1808 320 1868 ego
339 1793 435 1852 omtra
454 1804 578 1866 sequar:
598 1793 682 1849 vates
702 1793 754 1849 tun
774 1793 871 1851 eastra
890 1792 1022 1856 mnendo

200 1895 325 1971 Magnus
346 1909 411 1954 ero:
432 1893 551 1953 servent
569 1889 647 1953 hune
667 1889 740 1950 mihi
760 1890 823 1953 ieta
842 1892 938 1955 dieml

160 1997 263 2061 Molha
281 2001 315 2058 tn
334 1999 455 2074 eoeptae
475 1994 570 2056 fautor
589 2011 662 2072 eape
682 1995 747 2056 lora
761 1994 921 2077 juventae,

200 2103 389 2176 Dexteraque
410 2097 550 2159 immissis
570 2096 608 2158 da
628 2098 701 2158 mihi
721 2099 808 2175 signa
827 2099 909 2161 rotis.

159 2205 327 2280 Prosequar
347 2204 377 2263 et
396 2217 497 2261 eurrus
516 2204 640 2276 utroque
661 2201 699 2261 ab
720 2201 805 2262 litore
826 2205 963 2283 ovantes,

199 2307 374 2370 Parthorum
394 2308 509 2366 astutae
529 2305 590 2364 tela
609 2305 734 2366 remissa
752 2304 854 2386 fugae,

159 2412 355 2486 Claustraque
375 2408 476 2469 Pelusi
497 2408 628 2468 Romano
648 2407 770 2468 subruta
789 2407 882 2489 ferro,

198 2515 366 2592 Antonique
386 2531 493 2591 graves
514 2513 546 2574 in
566 2531 621 2574 sua
639 2512 702 2574 fata
721 2531 835 2574 manus.
1092 2520 1133 2580 30

159 2622 206 2685 'Pe
226 2620 318 2701 duee,
339 2619 388 2681 vel
407 2619 491 2681 Jovis
511 2638 594 2680 arma
614 2637 717 2680 eanam
738 2620 878 2697 eaeloque
898 2619 1059 2684 minantem

124 2765 128 2774 v
198 2723 308 2787 Coeum
328 2728 359 2784 et
377 2722 550 2800 Phlegraeis
571 2721 767 2784 Oromedonta
781 2720 880 2802 jugis,

158 2830 305 2905 Celsaque
326 2827 467 2889 Romanis
487 2826 626 2904 decerpta
645 2825 874 2887 Palatiatauris

201 2933 308 2996 Ordiar
328 2935 358 2993 et
378 2948 464 2992 eaeso
485 2929 601 2992 moenia
620 2928 704 2990 firma
724 2929 830 3010 Romo,

160 3037 349 3112 Eduetosque
368 3051 455 3112 pares
475 3032 605 3094 silvestri
627 3050 665 3093 ex
684 3031 775 3092 ubere
796 3047 898 3108 reges:
1092 3032 1133 3094 35

200 3139 319 3202 Greseet
339 3143 370 3202 et
388 3138 540 3216 ingenium
560 3137 614 3198 sub
635 3139 687 3197 tua
701 3134 788 3212 jussa
807 3151 913 3195 meum.

89 3284 114 3333 1.
148 3281 231 3332 Audax
247 3284 271 3331 et
286 3280 387 3347 lyricum
402 3278 497 3330 initium
513 3277 630 3330 eerminis.
653 3280 710 3328 Non
726 3275 784 3328 bene
801 3275 912 3328 Heinsius
928 3276 1073 3345 proponebat
1088 3279 1135 3330 Est

55 3381 81 3415 re
99 3366 153 3416 Sed.

39 3383 54 3432 p
89 3456 114 3505 7.
147 3454 241 3505 Laudis
262 3455 418 3505 retrocadere
433 3469 528 3504 ramea
544 3450 630 3502 hahent
648 3450 751 3500 Codioes.
778 3447 893 3500 Nonnulli
909 3451 1009 3516 oarpunt
1024 3465 1134 3500 eemeen·

43 3536 98 3586 dere
120 3552 230 3596 earnem,
252 3537 320 3602 quia,
343 3540 370 3586 ut
392 3535 472 3600 ajunt,
496 3551 590 3586 eeu-meu
611 3533 733 3584 eonseendi
754 3548 801 3582 non
817 3533 902 3599 potest.
936 3532 1025 3582 Recens
1041 3532 1135 3583 aritiens
1231 3543 1233 3550 ·

42 3633 55 3666 a
76 3617 207 3668 Passeratio
232 3617 350 3668 mutuavit
371 3619 526 3670 retrocadere
547 3619 638 3668 culmea
658 3619 684 3666 et
704 3615 777 3666 veluti
797 3630 866 3664 sunm
886 3613 1008 3664 inventum
1029 3615 1135 3681 pretulit.

44 3701 143 3768 Recipe,
169 3702 190 3751 ei
215 3700 304 3760 eredis3
329 3701 454 3752 dummodo
478 3701 552 3750 tureis
577 3699 678 3766 expelles
704 3696 864 3762 Oudendorpii
888 3696 1019 3747 mirandam
1044 3697 1134 3761 eonjee·

45 3785 132 3837 terune
157 3783 225 3835 tauri
246 3783 401 3836 contendere
422 3785 521 3844 collum,
547 3797 618 3849 quam
632 3797 679 3834 non
693 3795 735 3846 ogo
750 3793 916 3841 memorarem,
932 3779 977 3831 nisi
993 3779 1136 3847 praeclaram
