2624 4398
682 315 740 374 104

192 483 234 536 31.
269 487 300 538 In
323 488 387 538 hunc
411 487 489 540 locum
513 488 586 540 saluti
609 487 636 538 iu
661 487 783 554 scopulum
809 487 871 538 allisi
897 491 952 538 sunt
975 461 1060 538 critici.
1091 489 1208 554 Longum
1233 489 1265 536 eet

158 583 280 619 rummare
303 571 455 639 conjecturas.
490 572 544 622 Hoc
566 571 623 622 satis
646 571 690 621 erit
712 571 814 622 dimum:
840 570 942 620 eruditus
965 571 1002 620 vir
1023 570 1052 619 da
1068 570 1169 636 magieis
1187 569 1263 620 verbis

158 666 174 699 a
196 651 321 716 Propertio
342 654 522 718 pronuntiandis
541 655 669 704 hariolatus
685 657 728 704 est.
762 653 899 704 Prodericm
915 652 1025 704 Jacobius
1041 653 1144 718 corrigit
1161 657 1264 703 aretum

160 747 203 799 pro
227 738 328 794 mutere,
354 737 393 794 et,
420 736 439 785 si
462 740 524 786 reete
547 735 685 787 sententiam
709 751 776 784 suam
799 735 895 802 accepi,
921 734 1105 800 interpretatur:
1135 736 1195 785 haec
1217 735 1263 800 ipsa

162 815 262 865 solitudo
279 817 321 866 tua
337 833 418 867 curram
433 819 532 868 eximere
546 819 606 868 mihi
619 835 666 868 non
681 821 769 885 potest,
784 818 840 883 quin
853 821 956 868 metuam
970 833 999 867 ne
1013 816 1201 883 pulchritudinis
1213 820 1263 866 tuac

161 899 237 957 lama,
259 913 317 962 quae
337 898 363 948 in
384 901 489 950 omnium
511 917 550 950 ore
571 904 619 960 est,
641 901 699 950 milii
720 903 814 959 nocent,
835 900 860 949 id
877 902 913 948 eet
930 899 986 948 satis
1002 901 1027 948 te
1043 897 1167 947 occultare
1184 897 1262 964 pessit

162 980 287 1044 Ingeniosa
294 981 406 1046 profecto.
423 983 474 1048 Ego
485 999 554 1042 vero,
563 982 627 1032 nulla
640 982 798 1032 emendatione
809 982 909 1045 adjecta,
918 980 1135 1046 interpunctionem
1144 982 1261 1046 castigans

162 1065 185 1112 et
202 1063 326 1112 sententias
342 1063 498 1131 distinguens,
515 1066 548 1114 sic
557 1065 656 1132 explico:
675 1064 780 1115 Solitudo
790 1069 844 1124 tua,
859 1063 941 1122 silvae,
950 1063 1048 1112 flumina
1061 1063 1125 1112 tanti
1139 1063 1203 1113 mihi
1217 1079 1263 1112 esse

162 1148 279 1210 nequeunt
291 1146 348 1211 quin
361 1147 462 1206 assidue,
479 1163 563 1197 nomen
576 1151 644 1197 tunm
658 1148 789 1213 proferens,
806 1146 894 1196 dicam:
913 1146 1013 1196 Absenti
1026 1153 1094 1194 nemo
1108 1163 1141 1196 ne
1156 1146 1262 1196 nominee

164 1224 238 1275 eald!
253 1254 287 1264 -
303 1227 425 1277 Praecedit
438 1227 501 1278 enim
515 1233 542 1278 tu
556 1228 647 1294 quoties
661 1227 748 1293 aliquid
763 1226 888 1286 conabere,
906 1227 971 1285 cita,
988 1230 1102 1276 monento
1116 1229 1164 1276 etc.
1180 1243 1205 1276 v.
1220 1226 1260 1282 2Ι;

164 1308 245 1359 deinde
262 1308 345 1376 aliquis
362 1308 402 1375 qui
419 1325 470 1359 eam
488 1311 613 1361 dwnditiie
628 1325 676 1359 eoa
691 1307 758 1358 aaut
773 1325 823 1359 cese
837 1310 936 1374 modam
950 1311 982 1372 (v.
997 1309 1022 1372 4)
1038 1311 1132 1360 caetum
1147 1324 1192 1360 rna
1205 1308 1262 1359 adire

164 1394 265 1458 poterat
289 1392 315 1442 Si
331 1392 384 1458 quis
400 1392 496 1442 meliora
512 1393 618 1459 praebet,
635 1392 736 1443 libenter
752 1392 852 1442 audiam.

198 1479 239 1530 32.
273 1481 346 1533 Grou.
362 1483 399 1533 Ne
414 1481 528 1533 meeber.
547 1483 622 1548 Neap.
638 1496 694 1532 aon.

498 1713 922 1784 annerum.

567 1873 619 1920 ΑΙ)
641 1872 857 1921 AUGUSTUM.

414 1993 496 2058 (Godd.
514 1996 558 2055 10,
576 1997 658 2046 Burm.
675 1995 704 2057 8,
723 1997 766 2056 II,
785 1997 882 2050 Lachm.
900 1997 930 2058 9,
949 1997 1012 2058 ΙΙΙ.)

202 2129 373 2184 Hcimreichins
389 2131 479 2197 primus
495 2132 554 2182 vidit
570 2148 650 2196 versus
667 2149 680 2182 a
697 2133 728 2183 27
743 2133 772 2182 ad
785 2134 830 2192 36,
846 2149 904 2200 quos
919 2133 1013 2183 Codices
1027 2131 1133 2182 inserunt
1145 2131 1231 2196 elegiae

235 2215 273 2264 IX
295 2214 348 2264 Lib,
370 2215 433 2265 Tert.
455 2216 498 2264 Ad
518 2216 692 2274 Mceeeeeatem,
716 2216 745 2264 ad
767 2215 827 2264 banc
848 2217 972 2281 pertinere.
997 2215 1030 2265 Et
1050 2229 1132 2280 reapse
1147 2213 1174 2264 in
1190 2211 1231 2263 illu

234 2295 371 2362 Propertius
392 2296 453 2347 solos
475 2297 599 2346 amatorios
620 2295 683 2345 lusos
700 2312 724 2346 se
741 2297 883 2362 scripturum
901 2299 1039 2363 profitetur3
1061 2295 1087 2344 iu
1103 2295 1149 2344 hac
1166 2294 1230 2361 opica

234 2379 337 2428 carmina
352 2379 477 2444 promittit.
510 2380 541 2428 In
558 2379 637 2428 eodem
653 2381 759 2445 poemate
775 2380 927 2429 contradictio
945 2395 994 2428 esee
1010 2377 1098 2442 nequit.
1122 2376 1229 2433 Bellum,

235 2461 296 2527 quod
312 2461 432 2524 Augustus
448 2461 473 2510 in
490 2461 592 2511 Parthos
605 2464 629 2510 et
643 2461 715 2510 Indos
728 2461 880 2520 moliebatur,
894 2462 923 2510 ad
936 2477 973 2510 an.
983 2478 1007 2511 u.
1017 2477 1037 2510 c.
1046 2459 1228 2509 DOCXXXIII

233 2542 271 2592 uel
284 2542 313 2591 ad
325 2541 418 2591 initium
432 2542 589 2609 subsequentis
602 2559 645 2592 nos
658 2546 763 2602 revocat,
772 2543 829 2594 dum
838 2545 913 2610 prima
918 2543 1041 2608 juventute
1050 2542 1125 2591 adhuc
1133 2540 1229 2592 florebit

233 2625 302 2690 poeta
311 2643 318 2680 ς
334 2622 388 2672 hiuc
404 2639 500 2674 versus:
518 2626 606 2675 Mollia
622 2631 649 2675 tu
666 2630 761 2690 coeptae
770 2626 862 2692 fautor
878 2643 935 2691 cape
952 2628 1005 2675 bara
1015 2625 1141 2690 juventae.

287 2756 346 2819 Sed
366 2761 480 2837 tempus
500 2762 625 2822 lustrare
646 2761 713 2823 aliis
734 2761 878 2822 Helicona
898 2759 1027 2838 choreis,

325 2861 366 2924 Et
385 2882 519 2941 campum
539 2864 702 2926 Haemonio
718 2865 783 2942 jam
804 2864 874 2925 dare
895 2867 1010 2940 tempus
1032 2878 1117 2938 equo.

286 2965 353 3028 Jam
373 2967 446 3029 libet
467 2971 497 3027 et
516 2967 606 3028 fortes
626 2986 787 3029 memorare
809 2968 846 3028 ad
867 2967 980 3047 praelia
1000 2969 1128 3045 turmae,

325 3070 365 3131 ut
384 3072 518 3133 Romana
537 3072 596 3132 mei
616 3072 713 3134 dicere
733 3077 831 3134 casua
850 3073 950 3134 Ducis.

287 3173 328 3234 Ut
347 3180 436 3252 eaput
455 3176 487 3236 in
507 3176 622 3252 magnis
642 3177 694 3238 ubi
714 3196 772 3238 non
793 3181 838 3238 eet
858 3181 979 3253 tangere
999 3173 1108 3254 signis,
1235 3168 1251 3228 5

325 3276 447 3340 Ponitur
466 3279 516 3340 hio
536 3279 609 3340 imos
630 3285 699 3340 ante
720 3299 826 3342 corona
846 3281 953 3360 pedes3
1296 3323 1297 3364 ,

287 3377 336 3440 Sic
356 3400 424 3464 uos,
445 3402 521 3444 nunc
542 3383 644 3462 inopes
665 3385 786 3446 heroum
806 3384 1000 3447 conscendere
1021 3399 1154 3460 carmen,
1296 3379 1297 3462 l

327 3483 511 3562 Pauperibus
531 3487 623 3547 eacus
643 3487 716 3548 vilia
736 3491 803 3549 tura
823 3488 935 3549 damus.
1296 3465 1297 3544 i

286 3587 423 3649 Nondum
444 3588 535 3650 etiam
554 3587 698 3652 Ascraeos
718 3596 824 3652 nonunt
844 3610 912 3653 mea
932 3589 1064 3651 carmina
1083 3588 1189 3665 fontes,
1296 3599 1297 3678 p

328 3688 388 3752 Sed
408 3692 494 3756 modo
514 3692 662 3756 Permessi
681 3694 801 3757 flumine
821 3694 896 3758 lavit
916 3691 1016 3756 Amor.
1215 3685 1246 3746 1⁰
1296 3679 1297 3702 ¹
