2640 4400
1108 389 1144 431 11

93 548 264 625 Propertius
291 548 396 625 igitur,
425 549 449 608 si
479 548 581 608 semaa
610 547 744 624 tcooporia
772 546 920 623 intelligas
947 563 999 622 pro
1019 543 1146 606 naturali

56 656 169 731 aetate,
195 649 302 712 Ovidio
321 655 394 711 natu
414 652 506 728 maj0r
526 650 589 710 init.
631 648 776 711 Accurate
796 654 895 710 tamen
915 647 1144 729 perpendentes,

56 755 235 830 interiusque
256 755 400 830 integram
421 753 596 814 sententiam
617 753 773 830 rimantes,
794 751 959 829 colligimus
976 752 1015 812 ad
1032 767 1144 812 succes·

55 858 165 918 sionem
193 860 223 916 et
248 855 463 931 chronologiam
488 854 648 916 amatoriae
668 871 791 932 poeseos
812 854 861 914 hic
882 854 975 916 solum
995 854 1145 914 Nasonem

55 960 251 1037 conspexisse.
268 959 372 1020 Gallus
390 963 483 1020 semet
500 959 649 1020 interemit
667 977 744 1019 anno
760 956 985 1037 Dcoxxvn13
1003 958 1146 1036 posterior

56 1068 99 1124 eet
116 1063 254 1122 Tibullus
268 1063 319 1139 qui
336 1063 409 1122 obiit
425 1080 501 1123 anno
517 1059 723 1141 Docxxxv3
746 1062 828 1122 illum
847 1061 957 1138 excipit
974 1061 1144 1136 Ptopertiua
1208 1098 1210 1103 .

55 1166 208 1226 immature
224 1170 395 1242 praereptus
413 1183 489 1226 anno
507 1163 714 1226 DOOXXXIX
731 1163 931 1226 velDOOXL.
950 1164 1051 1241 Tune,
1069 1166 1145 1224 serie

55 1269 193 1345 temporis
214 1271 350 1345 quartus,
372 1269 502 1328 succedit
522 1268 664 1347 Ovidius,
692 1269 743 1345 qui
764 1285 857 1344 aeque
878 1287 912 1328 ac
931 1268 1058 1345 majores
1078 1269 1143 1345 ipse

55 1373 200 1449 coluerat,
219 1391 238 1430 a
255 1371 414 1432 minoribus
431 1374 596 1450 colebatur,
615 1373 652 1433 ab
671 1373 707 1432 lis
723 1390 828 1449 nempe
846 1372 896 1448 qui
913 1376 979 1448 post
990 1389 1055 1431 eum
1066 1371 1146 1431 felici

54 1475 183 1536 carmide
200 1475 405 1534 inclaruerunt.
421 1477 465 1536 Re
481 1476 559 1536 euim
574 1492 645 1535 vera
659 1475 691 1534 in
705 1474 832 1534 maximo
850 1475 981 1550 stagiano
994 1477 1144 1551 poemate,

53 1599 111 1657 quo
147 1583 226 1638 totns
263 1579 353 1638 Liber
393 1577 531 1638 Tristiooc
569 1578 713 1639 secundus
743 1579 872 1654 constat,
911 1577 1142 1637 commemoratis

54 1681 257 1742 decessoribus
287 1681 364 1758 suis,
396 1681 473 1742 inter
499 1697 572 1757 quos
599 1681 750 1740 Tibullum
778 1684 807 1738 et
833 1679 1016 1755 Propertium
1044 1678 1144 1740 addit:

55 1785 111 1844 Ilia
131 1803 180 1862 cpe
202 1784 325 1844 successi
346 1783 447 1864 (Trict.
468 1784 534 1844 Lib.
556 1783 601 1863 11,
623 1803 650 1843 v.
672 1783 753 1864 467).

97 1886 163 1946 Sex.
175 1884 330 1964 Aurelius,
346 1891 437 1948 morte
447 1886 563 1948 iunctus
575 1889 629 1948 sub
641 1905 748 1948 annum
758 1905 786 1946 u.
799 1905 823 1948 c.
834 1884 1058 1964 Dcoxxxlx,
1069 1884 1147 1944 haud

55 1995 99 2052 ita
109 1992 200 2052 multo
210 1994 276 2067 post
287 1995 401 2050 sextum
412 1995 442 2050 et
452 1991 623 2052 vicesimum
634 2009 740 2051 annum
752 1991 843 2050 vitam
854 1991 1007 2067 produxit,
1020 1989 1146 2066 librique

58 2095 201 2173 Cycstbtoe
221 2093 343 2155 conlecti
363 2094 444 2155 fuere
465 2096 542 2156 intra
561 2095 810 2156 undevicesimum
829 2100 859 2154 et
876 2095 1045 2156 vicesimum
1064 2093 1148 2171 quin·

56 2203 128 2260 tum.
163 2197 296 2258 Praeoox
327 2197 476 2274 ingenium
507 2214 578 2258 sane
609 2197 832 2276 admirandum3
863 2197 946 2274 cujus
977 2202 1074 2257 tamen
1104 2195 1148 2254 rei

57 2301 193 2378 exempla
224 2298 459 2376 praeclarIssims
488 2297 607 2360 insuunt
637 2299 780 2378 Ovidius,
818 2300 974 2378 Lucanus,
1010 2298 1148 2374 Persius,

58 2402 245 2483 Aligherius,
266 2403 394 2482 Tuscus,
416 2403 565 2464 Voltarius
587 2403 696 2480 aliique
717 2403 749 2463 in
769 2403 919 2492 Musarum
939 2403 1019 2462 cultu
1040 2401 1149 2479 primas

59 2508 214 2570 consecuti.
246 2505 290 2568 Ao
318 2508 344 2567 si
369 2508 408 2567 ad
429 2507 558 2570 Graecos
579 2511 756 2586 spectemus,
785 2527 843 2568 non
864 2507 921 2567 erit
940 2507 994 2568 abs
1014 2523 1045 2564 re
1065 2509 1150 2564 vetus

59 2612 240 2691 epigramma
259 2629 436 2672 memorare:

244 2735 348 2785 manius
365 2736 466 2786 Emenso
481 2753 528 2786 nou
545 2752 630 2803 magna
645 2739 719 2797 mole,
738 2738 776 2786 sed
794 2737 868 2786 omnia

275 2817 393 2868 Pieridum
409 2818 496 2868 redolet
511 2819 587 2868 duleis
603 2820 672 2870 mella
687 2822 766 2870 favos:

244 2899 315 2949 Haud
332 2900 384 2966 plus
401 2903 438 2950 ter
454 2905 547 2951 centum
563 2918 620 2968 quse
638 2902 741 2952 versibus
758 2907 841 2968 aequat
858 2903 988 2953 Homerum

278 2984 358 3032 Annos
374 2986 430 3032 nats
445 2984 523 3034 decem
539 2985 606 3050 virgo
623 3001 736 3052 superque
751 3001 842 3036 novem.
863 2994 872 3020 ¹

60 3099 122 3159 Hoc
150 3115 221 3159 vero
248 3098 406 3175 praecipue
431 3100 557 3176 intelligi
582 3103 664 3178 volo,
690 3102 806 3162 criticos
832 3102 868 3162 de
894 3102 986 3162 natali
1007 3105 1152 3161 certantes

60 3202 285 3264 concordissime
313 3207 441 3264 statuere
466 3209 583 3282 poetam
598 3206 715 3282 juniore
737 3209 834 3266 aetate
854 3205 1034 3266 Grannum
1055 3204 1153 3264 condi-

61 3306 151 3368 disse.
189 3306 280 3367 Juxta
306 3308 421 3370 Barthii
443 3309 687 3386 computationem
707 3310 816 3388 primos
837 3310 936 3386 elegos
956 3309 1026 3370 fecit
1046 3327 1154 3370 aunum

97 3526 105 3552 ¹
144 3522 244 3574 Anthol.
258 3524 340 3573 Graec.
353 3524 400 3574 Tit.
415 3525 543 3584 LXVIII,
557 3525 626 3592 Epig.
642 3527 686 3585 14,
702 3542 729 3576 cx
744 3527 933 3593 interpretatione
948 3526 1055 3592 Hngouis
1065 3526 1154 3585 (ductii,

60 3603 158 3653 maximi
180 3603 236 3662 viri,
261 3605 300 3670 qui
324 3621 384 3657 anno
408 3605 507 3658 secundo
531 3610 554 3656 et
577 3608 689 3672 vigesimo
713 3609 904 3659 commentarium
922 3613 958 3661 De
975 3611 1036 3660 Jure
1050 3611 1155 3675 praedae

61 3685 213 3751 mnmripsit,
230 3687 363 3753 nuperrime
378 3690 402 3738 in
419 3689 492 3738 lucem
511 3689 612 3749 editum,
631 3691 695 3753 cujus
713 3694 793 3742 notum
811 3691 947 3758 opusculum
959 3693 1028 3741 More
1045 3691 1155 3740 Liberum

60 3769 110 3817 erat
127 3770 199 3836 caput
215 3767 384 3825 duodecimum,
