2640 4400
714 341 733 398 2

294 510 336 573 At
355 527 424 590 vos,
444 507 588 570 deductae
608 508 715 586 quibus
736 512 782 570 est
801 507 921 569 fallacia
940 506 1059 586 Lunae,

334 615 374 676 st
393 612 477 674 labor
496 613 528 673 in
547 613 679 690 magicis
691 632 776 674 sacra
795 614 878 691 piare
898 612 987 691 focis,

294 702 341 778 En
360 716 486 794 agedum
506 717 641 776 dominae
661 721 790 777 mentem
810 714 972 777 convertite
991 715 1130 791 nostrae,

334 821 374 880 at
393 817 482 880 facite
501 817 555 878 illa
574 836 639 904 meo
651 819 771 896 ,palleat
790 836 840 880 ors
860 817 965 894 magis.

294 923 379 984 Tunc
400 940 454 998 ego
474 921 649 982 crediderim
669 922 753 984 vobis
774 924 805 983 et
824 921 923 982 sidera
943 922 974 980 et
993 934 1094 980 amnes

334 1026 425 1087 Posse
446 1023 603 1102 Cytaeaeis
624 1025 731 1085 ducere
751 1024 949 1086 carminibus!

294 1128 443 1208 Antros,
465 1127 515 1207 qui
536 1144 601 1188 sero
621 1128 737 1205 lapsum
756 1128 918 1207 revocatis,
939 1125 1041 1206 amici,

335 1231 475 1307 Quaerite
495 1249 554 1290 non
574 1231 639 1291 sani
659 1231 788 1308 pectoris
808 1231 930 1291 auxilia.

295 1335 424 1397 Fortiter
444 1334 618 1414 stimuum,
640 1353 744 1396 saevos
764 1335 911 1413 patiemur
931 1337 961 1395 et
980 1333 1080 1408 ignes:

335 1438 382 1500 Sit
400 1438 486 1500 modo
505 1439 642 1518 libertae,
664 1457 739 1516 quae
760 1440 833 1499 velit
854 1439 913 1518 ira,
933 1437 1024 1513 loqui.

294 1541 383 1602 Ferte
403 1559 457 1618 per
476 1545 623 1602 extremas
642 1545 761 1621 gentes,
783 1545 813 1602 et
832 1540 907 1601 ferte
927 1557 980 1616 per
1000 1537 1124 1620 undas„

335 1643 401 1718 Qua
420 1662 478 1705 non
497 1645 560 1703 ulle
579 1661 677 1704 meum
697 1643 807 1703 femina
826 1643 905 1705 norit
924 1642 998 1702 iteri

295 1747 355 1809 Vos
375 1751 540 1827 remanete,
561 1747 668 1824 quibus
687 1746 769 1806 facili
789 1747 870 1808 Deus
891 1746 994 1807 annuit
1013 1762 1101 1825 aure,

335 1850 407 1912 Sitis
428 1851 508 1912 etin
528 1855 591 1912 tuto
612 1869 728 1928 semper
748 1869 845 1912 amore
866 1869 962 1929 pares.

295 1954 329 2015 In
349 1972 396 2015 ms
416 1957 517 2016 nostra
537 1956 637 2016 Venus
657 1959 757 2016 noctes
778 1959 897 2017 exercet
917 1972 1050 2034 amaras,

334 2058 375 2118 nt
394 2059 475 2119 nullo
494 2076 605 2120 vacuus
626 2062 756 2136 tempore
777 2057 848 2119 defit
868 2057 967 2118 Amor.
1055 2035 1061 2051 ⁸

293 2161 372 2240 Hoc,
393 2177 511 2241 moneo,
533 2161 626 2221 vitate
645 2162 771 2221 malum:
792 2179 846 2222 sua
866 2176 1012 2238 quemque
1032 2161 1163 2220 moretur
1235 2159 1273 2218 35

332 2263 425 2346 Oura,
445 2283 541 2342 neque
562 2270 679 2326 assueto
699 2269 793 2326 mutet
813 2282 911 2326 amore
930 2264 1035 2324 locum.

292 2366 404 2441 Quodsi
424 2367 491 2444 quis
512 2368 630 2429 monitis
651 2367 751 2428 tardas
772 2366 934 2428 adverterit
954 2383 1057 2445 aures,

333 2470 414 2531 Haut
434 2470 543 2532 referet
562 2475 672 2548 quanto
693 2470 785 2532 verba
805 2471 904 2532 dolore
924 2470 1006 2530 meat

205 2659 229 2708 2.
264 2657 456 2707 Hemsterhusius
485 2656 543 2722 legit
576 2657 742 2723 Cupidinibus,
772 2657 826 2708 deos
848 2657 953 2722 cogitans
960 2677 967 2716 3
993 2671 1047 2707 cum
1069 2656 1225 2709 Lachmanuo
1252 2661 1276 2709 et

172 2738 269 2789 Jaccbio
285 2739 369 2805 scripsi
386 2739 549 2805 cupidinibus,
567 2740 652 2789 amoris
670 2741 740 2789 curis.

205 2823 230 2871 3.
265 2821 337 2870 Codd.
355 2823 575 2889 consistitis-fastus
580 2827 623 2880 ;et
631 2824 781 2888 interpretes:
799 2822 874 2872 Amor
887 2821 1275 2888 ajeasomluaquiuausauter

171 2910 326 2970 contemptum
334 2904 422 2953 cuicum
432 2921 493 2971 prce
505 2921 530 2957 ac
537 2905 666 2971 scrcbcat;
683 2905 732 2954 vel:
741 2906 816 2954 Amor
824 2905 1019 2971 dejecitsasiuna
1029 2905 1135 2970 quietius
1142 2906 1274 2970 supercilio

171 3002 221 3036 mcc
237 2984 364 3035 iuuscderct.
398 2987 546 3036 Burmannus
564 2991 645 3038 contra
662 2987 811 3051 conjiciebat:
830 2987 950 3038 constanti
956 2987 1040 3053 fastu,
1057 2986 1143 3036 idest:
1163 2988 1274 3049 Cynthia

170 3069 272 3118 adaidw
278 3069 362 3135 sactu,
374 3069 496 3134 perpetuis
508 3071 620 3134 reputo,
634 3070 723 3135 dejecit
730 3069 791 3120 mibi
803 3069 908 3127 luminu,
923 3074 947 3119 ct
960 3069 1034 3119 Amor
1045 3069 1146 3134 pedibus
1154 3069 1276 3134 impositu

169 3150 385 3216 superscripsit,
403 3151 477 3200 donec
494 3154 537 3200 ete.

203 3231 228 3282 6,
263 3235 347 3284 Casius
366 3236 471 3300 puellus,
493 3233 592 3282 feminas
608 3231 703 3299 pudoris
720 3232 859 3294 retinentes,
879 3249 926 3283 non
943 3233 1039 3294 Musas,
1058 3231 1093 3282 nti
1106 3230 1276 3282 Broakhusius

170 3316 376 3382 interpretabatur.

204 3398 244 3447 12.
283 3399 370 3449 Videre
379 3399 463 3465 feras,
481 3399 557 3458 adire,
575 3398 682 3464 experiri.
700 3397 812 3448 Nicotaus
829 3397 942 3448 Heinsius
956 3397 1088 3448 emendavit
1094 3397 1274 3464 ,barastra-s,-

170 3479 295 3529 Paldamus
321 3480 458 3546 conjiciebat
481 3481 613 3532 solimus
631 3481 711 3547 feras.
745 3481 791 3531 Sed
814 3481 929 3548 Virgilius
951 3482 1037 3546 Georg.
1061 3480 1105 3539 II,
1127 3479 1172 3529 68:
1191 3481 1271 3532 Casus

169 3558 235 3609 abies
251 3560 333 3612 visura
348 3561 468 3620 maricam,-
485 3565 509 3612 ct
527 3562 626 3612 Ovidius
643 3561 714 3614 Triat.
728 3563 759 3622 V,
777 3561 806 3623 b,
823 3564 872 3614 bls
890 3560 1161 3628 Siuibiliufiatitn'ctis
1168 3559 1271 3613 uidisset

174 3641 264 3694 Uliccs.

203 3725 244 3776 25.
279 3725 350 3778 codd.
368 3727 404 3777 Ei
418 3726 456 3778 val
471 3727 513 3777 As.
540 3727 733 3778 Hamstcrhnsius
750 3727 854 3779 restituit
869 3728 928 3779 Aut.
