2624 4398
557 357 596 418 37

147 526 265 604 Quidue
284 543 352 590 mea
371 527 409 590 de
428 525 532 590 fraude
552 525 639 610 dees,
660 527 782 610 mmsis,
801 527 936 610 fatigas?

186 629 266 706 Quid
285 631 418 710 quereris
437 635 568 695 nostram
588 632 633 696 sic
652 632 795 696 cecidisse
814 633 928 696 fidem?

145 737 213 798 Non
233 740 295 798 111111
313 735 463 798 nocturnis
482 737 613 800 uolucris
632 735 750 800 funesta
770 739 891 816 querela

184 837 287 900 Attica
306 835 456 916 Cecropiis
475 837 620 918 obstrepit
640 839 671 900 in
691 839 787 917 loliis,
827 889 832 900 .

146 943 209 1004 Nec
229 946 344 1004 tantum
363 941 476 1022 Niobe,
496 941 544 1004 bis
564 959 619 1004 sex
639 942 679 1005 ad
698 941 803 1022 busta,
824 941 952 1021 superba

185 1045 318 1108 Sollicito
337 1045 475 1107 luerim
495 1045 600 1108 defluit
619 1063 639 1107 a
658 1045 778 1124 Sipylo!

144 1147 193 1226 lle
212 1149 285 1210 licet
303 1147 413 1210 aeratis
433 1149 600 1226 astringant
617 1149 741 1212 brachia
761 1149 863 1230 nodis,

185 1249 253 1313 Sint
272 1269 338 1312 mee
357 1251 407 1313 vel
427 1251 547 1314 Danaes
567 1251 686 1314 conditu
704 1253 836 1314 membru
855 1251 957 1332 deme,

145 1353 180 1414 ln
200 1357 231 1415 te
252 1371 308 1430 ego
327 1356 359 1416 et
379 1357 495 1415 aeratas
515 1371 667 1434 rumpam,
687 1373 755 1416 mea
775 1353 853 1434 vita,
874 1359 1011 1434 catenas,

185 1457 339 1518 Fematam
359 1457 478 1518 Danaes
498 1457 721 1534 transiliamque
742 1458 869 1518 domum.

145 1561 191 1622 De
210 1564 241 1622 te
261 1559 464 1638 quodcumque
485 1559 524 1620 ad
544 1561 649 1622 surdas
669 1559 744 1619 mihi
765 1559 873 1620 dicitm
893 1575 996 1621 eures:

185 1665 235 1725 Tu
255 1663 341 1725 modo
360 1682 398 1725 111
418 1663 523 1726 dubita
542 1663 580 1724 de
601 1664 748 1741 gravitate
768 1681 846 1724 mea.

146 1764 222 1830 Ossa
241 1767 297 1829 tibi
312 1768 380 1846 juro
400 1785 454 1846 per
472 1768 576 1829 matum
597 1772 628 1829 et
647 1786 715 1829 ossa
734 1768 881 1847 parentis,

186 1869 232 1943 (ei
251 1869 338 1948 lello,
359 1869 435 1932 ciuis
455 1869 515 1932 heu
534 1869 575 1931 sit
595 1870 669 1930 mihi
690 1873 815 1949 uterque
836 1871 966 1948 gravisi)

145 1971 194 2033 lle
214 1972 270 2033 tibi
289 1972 329 2033 ad
349 1977 495 2034 extremes
515 1991 685 2034 mansmnm
705 1973 769 2034 vita
790 1974 944 2035 tenebras:

185 2075 297 2138 Ambos
316 2094 376 2136 una
396 2074 489 2158 fides,
509 2076 623 2138 auferet
642 2095 701 2138 una
721 2075 795 2138 dics.

146 2178 231 2255 Quod
251 2179 278 2240 si
297 2196 353 2242 nee
372 2197 496 2258 nomen,
517 2197 572 2240 1111
593 2197 640 2240 me
660 2183 713 2242 tua
732 2179 826 2242 ferma
845 2184 976 2260 teneret,

185 2283 291 2343 Posset
307 2281 462 2344 servitium
482 2282 554 2342 mite
574 2285 674 2342 tenere
695 2284 793 2342 tuum!

146 2387 210 2448 Nec
229 2385 304 2446 mihi
323 2385 492 2446 muneribus
512 2403 571 2446 uox
590 2385 652 2445 ulla
672 2388 718 2445 est
738 2388 837 2462 empta
857 2386 970 2447 beatis:

186 2486 337 2565 Quidquid
358 2505 455 2567 eram,
475 2486 530 2548 hcc
552 2487 644 2548 animi
664 2487 761 2565 gratia
781 2506 890 2564 magna
910 2487 963 2548 tui.

149 2591 221 2654 (lum
241 2596 272 2653 te
287 2593 352 2671 jem
372 2593 457 2653 multi
477 2598 627 2672 peterent,
648 2597 682 2654 tn
701 2611 748 2654 me
769 2612 829 2654 una
848 2593 966 2670 petisti:

186 2696 309 2758 Possum
330 2713 385 2772 ego
404 2699 528 2757 naturae
548 2715 607 2758 non
626 2697 797 2758 meminisse
817 2695 911 2757 tuac?

147 2800 225 2860 Tum
244 2816 292 2860 me
312 2800 362 2858 vel
381 2800 512 2875 tragicae
532 2800 648 2861 vexetis
669 2799 842 2878 Erynnyes‚
865 2800 896 2858 et
916 2812 963 2857 me

186 2901 303 2964 Intemc
323 2901 459 2982 damnes,
480 2901 589 2982 AEace,
606 2901 735 2981 judicic,

147 3005 247 3084 Atque
265 3005 343 3066 inter
363 3005 448 3082 Tityi
468 3005 602 3068 volucres
622 3023 689 3067 mea
709 3022 806 3083 poena
825 3007 965 3084 vagetur,

186 3111 323 3187 Tumque
344 3126 399 3186 ege
420 3107 559 3187 Sisyphio
579 3127 653 3170 saxa
672 3109 773 3170 labore
793 3126 904 3185 geram.

148 3213 279 3292 Septima
294 3212 359 3291 Jam
379 3213 485 3290 plenae
506 3213 661 3274 deducitur
680 3213 776 3274 orbita
795 3213 899 3289 lunas,

187 3315 261 3378 (lum
281 3314 319 3375 de
339 3331 387 3374 me
408 3317 439 3375 et
458 3314 496 3374 de
516 3318 547 3374 te
567 3315 695 3392 compita
714 3315 796 3374 nulla
816 3316 933 3392 tacent;

147 3421 264 3482 Interea
283 3419 368 3482 nobis
387 3437 447 3480 non
466 3435 596 3494 uuquam
611 3418 706 3496 janua
725 3417 838 3496 mollis,

186 3525 254 3585 Non
274 3541 413 3600 umquam
434 3523 503 3583 lecti
524 3523 609 3600 copia
629 3521 708 3581 facta
727 3521 780 3581 tui.

150 3628 234 3688 Nunc
254 3631 287 3689 tu
307 3627 489 3705 supplicibus
509 3644 556 3687 me
577 3627 620 3687 sis
640 3629 781 3685 venerata
800 3623 934 3684 tabellis:

189 3731 302 3794 Ultima
322 3731 392 3794 talis
413 3731 485 3812 erit,
506 3747 583 3810 quae
603 3747 671 3791 mea
691 3727 786 3806 prima
805 3726 888 3788 fides.

1103 740 1123 800 5
