2640 4400
258 497 313 548 lam
329 497 383 563 pius
399 497 489 546 Aencss
507 493 603 548 miserm
620 493 739 563 rescripsit
755 495 842 555 unse,

291 581 404 645 Quodque
421 580 484 644 legat
502 579 605 644 Phyllis,
623 580 728 628 simodo
745 580 816 638 risit,
833 578 909 628 babet.

257 660 340 710 ‘lristis
357 661 386 710 ed
403 661 553 728 Hypsipylen
569 661 598 710 eb
615 657 700 711 Jasouc
716 660 783 710 litera
800 661 875 710 venit:

291 743 336 790 Det
352 745 431 792 vomm
449 742 544 791 Pboebo
561 741 644 791 Lesbis
663 746 740 792 amate
754 741 838 808 lyram.

27 855 141 918 Deinde
160 857 193 917 in
213 857 316 916 ultima
337 874 374 917 ex
394 855 487 916 Ponto
507 875 578 918 suae
600 857 706 918 aetatis
726 862 877 934 poetarum
894 873 999 933 agmen
1016 871 1115 915 recon-

27 978 106 1038 sem,
128 959 272 1036 Marsum,
293 958 460 1036 Rabirium,
482 959 627 1037 Macrum,
648 958 810 1039 Pedouem,
826 958 947 1037 Garum,
959 957 1116 1034 Severum,

27 1063 174 1143 Priscam,
194 1063 364 1124 Montanum
384 1068 525 1124 memorat

258 1189 290 1239 nt
307 1187 348 1254 qni
364 1189 493 1255 Penelopae
509 1189 635 1240 rmcribere
648 1189 721 1254 jussit
740 1189 830 1256 Ulyxen

291 1271 415 1321 Errantem
432 1287 499 1321 saevo
516 1288 558 1338 per
575 1273 621 1322 duo
636 1272 712 1323 lustra
730 1273 804 1332 mari,

260 1352 352 1418 Quique
369 1369 433 1402 snam
451 1355 566 1404 'l'roeaoue
582 1353 788 1420 imperfectumque
805 1357 913 1405 Drusum

292 1435 399 1484 Deseruit
416 1435 483 1484 celeri
498 1439 575 1486 morte
592 1436 690 1486 Sabinus
707 1453 773 1504 opus.

28 1545 149 1626 Sabino,
171 1547 222 1624 qui
237 1545 391 1608 Ovidianis
409 1549 541 1626 epistolis
559 1567 698 1626 responsa
714 1550 837 1612 dederat
853 1566 982 1628 opusque
1002 1547 1119 1610 literam

27 1654 197 1728 susceperat
221 1650 310 1712 celeri
337 1655 429 1711 morte
456 1652 669 1730 interruptum,
700 1652 881 1714 restituenda
911 1651 1035 1712 arbitror
1064 1667 1119 1710 sex

27 1754 192 1831 fragmenta
207 1751 312 1826 Quarti
328 1753 429 1832 Libri,
447 1772 523 1832 quae
540 1755 685 1833 Propertii
701 1756 812 1817 nomini
826 1754 1015 1831 addicuntur,
1033 1753 1119 1829 eique

27 1857 138 1934 pariter
158 1855 368 1915 adscribendas
386 1857 497 1934 elegias
514 1857 674 1916 Arethusae
691 1861 721 1917 et
738 1855 890 1934 Astrolopi.
912 1854 976 1930 Quo
986 1854 1072 1915 modo
1082 1871 1120 1913 ex

29 1958 206 2020 Heroidibus
228 1958 430 2037 epistolarum,
452 1960 494 2020 ita
514 1978 530 2019 c
551 1958 649 2020 Fastis
669 1960 865 2022 inventionem
886 1958 1006 2021 aemam
1021 1957 1119 2036 duxit,

29 2063 104 2122 unde
126 2061 192 2139 jam
216 2060 304 2138 plane
324 2061 516 2138 comperimus
536 2066 707 2140 perpetuam
728 2061 816 2141 hujus
836 2062 1035 2123 Nasoniauam
1056 2059 1119 2120 imi·

30 2164 179 2223 tationem.

66 2266 169 2326 Pauca
198 2265 353 2326 admodum
384 2267 423 2327 ad
452 2272 555 2344 poetae
586 2269 678 2330 vitam
704 2269 882 2346 pertinentia
908 2287 945 2329 ex
972 2268 1122 2328 veteribus

31 2369 221 2447 scriptoribus
239 2369 340 2430 datum
358 2375 403 2430 est
417 2371 545 2432 haurire.
572 2371 685 2433 Seneca
705 2373 756 2449 qui
776 2372 913 2433 Rhetoris
933 2373 1123 2448 cognomento

31 2471 167 2550 donatur,
190 2475 331 2532 memorat
355 2470 494 2532 Saliorum
518 2471 648 2532 Clodiam
669 2473 700 2532 ia
722 2491 881 2552 quemnemo
903 2472 949 2532 die
973 2471 1079 2532 Graece
1097 2477 1124 2531 et

32 2573 135 2634 Latiae
156 2575 367 2636 declamantem
389 2576 482 2636 malta
503 2576 612 2636 arbane
627 2576 704 2637 dieta
723 2582 798 2638 caat.
819 2575 851 2635 si
869 2575 900 2636 in
916 2575 1013 2636 causis
1029 2591 1123 2652 aeque

31 2694 61 2736 ac
92 2676 356 2738 declamationibus
382 2677 511 2756 primam
540 2685 651 2758 tempos
679 2678 783 2739 aetatis
811 2696 880 2738 snae
906 2678 1123 2755 collocavisset,

31 2783 60 2836 ut
79 2777 186 2839 scribit
205 2778 310 2838 Petrus
331 2777 476 2858 Crinitus,
504 2778 652 2858 Astrologi
672 2797 774 2840 versus
791 2780 856 2858 jam
876 2779 988 2841 laudati
1009 2780 1037 2840 ei
1057 2796 1123 2839 con-

31 2880 181 2942 uenirent:

263 2959 324 3013 Tum
340 2961 384 3013 tibi
401 2979 475 3029 penca
492 2979 533 3014 suo
550 2964 579 3014 de
595 2961 697 3013 carmine
713 2963 787 3013 dictet
803 2961 901 3030 Apollo,

296 3045 327 3093 Et
343 3044 504 3094 ventinaco
521 3044 592 3094 verbs
608 3048 689 3094 tonare
705 3045 764 3094 foro.
785 3051 795 3076 ¹

69 3153 245 3232 Astrologus
273 3172 389 3233 quoqne
418 3154 549 3216 declarat
575 3160 691 3234 poetam
719 3159 813 3216 ortum
839 3154 930 3216 fnisse
952 3153 984 3214 in
1003 3151 1127 3214 Umbria

33 3255 157 3318 Romani
169 3259 269 3336 patrio
284 3258 472 3337 Callimachi,
489 3259 603 3320 scilieet
612 3259 771 3338 Propertii3
784 3258 845 3318 moti
857 3257 981 3318 Penates
996 3261 1027 3317 et
1037 3273 1128 3318 aerea

35 3360 112 3422 bulla
123 3361 281 3424 ostendunt
291 3363 442 3439 antiquam
454 3367 485 3422 et
494 3362 604 3423 claram
615 3360 706 3423 fuisse
717 3361 820 3422 Sabini
829 3360 984 3440 familiam,
997 3361 1127 3437 equestri
1183 3381 1184 3386 ¹

67 3581 76 3607 ¹
115 3573 231 3623 Horatius
256 3571 321 3642 Epis.
348 3574 377 3633 b,
404 3573 434 3623 I:
460 3573 565 3625 Butram
588 3571 633 3622 tibi
656 3572 828 3638 Septiciumque
851 3573 888 3622 Et
908 3572 957 3622 nisi
982 3587 1040 3622 cena
1058 3570 1130 3636 prior

31 3659 158 3722 potiorque
177 3656 258 3720 puella
278 3657 391 3710 wmum
416 3656 526 3716 Most.
550 3656 681 3706 amasam.
716 3653 830 3705 Nonnulli
847 3655 875 3704 ds
892 3653 977 3704 Sabino
994 3655 1063 3720 pocta
1080 3667 1130 3701 rem

36 3753 80 3787 csse
96 3738 203 3789 credam.
