2642 4396
576 395 633 456 185

86 571 129 619 24.
165 570 238 621 codd.
267 572 410 629 Tantaleus,
433 571 470 621 rel
496 571 633 621 Tantaleae.
668 571 779 636 Ungerus
801 571 905 636 reposuit
932 571 1043 622 Tantaleo
1064 572 1152 637 liquor.

49 653 119 702 Alius
136 653 282 718 conjecturas
298 653 466 718 praetermitto.

86 765 129 813 25.
164 765 288 815 Distichou
310 764 369 814 mihi
390 769 530 831 suspectum.
558 765 640 830 irriget
656 767 761 832 profecto
777 767 831 831 post
848 765 966 831 superiora
979 765 1052 829 jussa.
1078 767 1152 815 Gron.

26 839 137 904 'lacem
160 847 317 896 Mentelianus
339 849 398 896 laea
403 869 413 904 ,·
437 847 487 896 edd.
505 846 568 912 vulg.
587 849 662 912 lapsa.
697 847 790 896 Sufficit
806 849 889 898 Meam
905 863 954 897 esse
970 851 1087 904 catenum,
1105 864 1152 897 uon

48 932 154 993 lapsam,
176 928 211 978 ite
231 931 259 978 ut
281 927 371 978 solutus
394 929 425 978 sit
442 928 565 978 Cerberus.
599 929 683 979 Versui
700 929 775 980 luceru
792 929 866 980 adfert
883 929 952 979 Statii
968 927 1044 979 locus:
1063 931 1152 980 Ferrea

50 1013 185 1062 Cerbereae
200 1016 327 1061 tacseersst
343 1010 427 1061 llasira
438 1017 533 1077 portae.
556 1010 630 1063 Theb.
648 1011 730 1070 VIII,
751 1028 775 1062 v.
792 1011 833 1062 56.
860 1011 974 1062 Cerberus
990 1027 1063 1076 usque
1079 1012 1151 1063 laniet

48 1094 149 1144 umbras
165 1109 239 1160 neque
258 1094 335 1145 latret.

85 1208 128 1256 30.
163 1208 235 1256 Gron.
254 1207 318 1256 Aera
334 1207 508 1264 Namaotlaos;
522 1206 712 1265 uliieera‚atra.
730 1206 829 1256 Procius
838 1207 940 1256 correxit
947 1223 1027 1266 cnse,
1045 1208 1150 1273 Scaliger
1185 1265 1186 1268 Ἴ

47 1291 128 1356 Asea.
163 1290 207 1340 Sed
230 1290 318 1355 Africa
341 1289 475 1339 nominetur
496 1288 574 1356 paullo
591 1293 652 1354 post.
684 1289 758 1340 Versa
771 1289 872 1348 retineo,
899 1305 1038 1356 quemquam
1055 1290 1150 1342 criticus

47 1373 152 1424 facetior
167 1373 212 1422 sit:
231 1388 260 1422 an
277 1387 349 1438 regne
365 1372 440 1422 deletu
455 1371 600 1436 loquuntur?

86 1482 129 1530 34.
164 1483 237 1532 Grou.
261 1488 369 1547 acceptae
392 1499 487 1540 coccam
513 1482 613 1532 Puccius
635 1486 660 1532 et
681 1482 790 1546 Perrejus
812 1497 928 1547 mear.
963 1481 1029 1531 Ritui
1051 1481 1150 1548 nuptiali

48 1563 150 1622 alludit,
166 1580 212 1630 quo
228 1564 366 1614 nubentium
382 1566 457 1616 crines
474 1581 534 1629 equa
550 1564 740 1632 aspergebantur.

85 1669 133 1728 35,
151 1669 190 1718 36.
225 1669 333 1735 Plerique
349 1670 462 1734 majorem
478 1684 492 1718 a
508 1671 598 1719 minore
613 1685 682 1720 versu
698 1669 848 1735 disjungunt,
864 1671 900 1718 itu
915 1673 944 1719 ut
957 1669 1149 1720 Cornelisdicat:

48 1768 100 1802 non
118 1752 165 1810 sic,
181 1768 229 1800 nou
244 1755 294 1801 tum
311 1753 435 1802 immature
451 1769 488 1802 mo
504 1752 657 1802 discessurum
674 1752 803 1819 sperabam.
823 1751 897 1801 Verus
910 1751 982 1801 animi
991 1753 1099 1810 affectus,
1110 1753 1150 1801 sed

49 1834 89 1882 bis
107 1832 162 1882 alibi
179 1833 322 1898 significatus
339 1835 475 1896 (immatura
492 1835 548 1885 lc'cet
564 1865 597 1872 -
613 1836 701 1900 infecto
719 1839 844 1900 tempore);
857 1838 977 1901 praeterea
984 1835 1063 1884 minor
1069 1849 1150 1884 versus

48 1917 170 1982 penderet.
196 1918 256 1966 Cum
274 1917 372 1966 Graevio
389 1921 413 1966 et
430 1918 528 1967 Heinsio
544 1917 596 1983 lego
613 1922 641 1968 at
657 1919 738 1984 lapide
754 1922 799 1968 eto.
825 1917 864 1967 Sic
880 1915 936 1976 tibi,
955 1916 1050 1976 Paullo,
1065 1917 1150 1980 junctu

48 1997 100 2057 sui,
124 2001 151 2046 ut
171 1998 211 2048 uni
232 2001 325 2048 tautum
347 1999 453 2065 nupsisse
469 1999 533 2049 dicar
550 1998 575 2048 iu
591 1999 674 2066 lupide.
708 2000 816 2064 Augusto
839 1998 968 2064 imperante
990 1999 1018 2047 ud
1036 2003 1149 2049 unumst
1200 2009 1202 2014 '

48 2079 152 2128 alterum
169 2080 280 2129 meritum
297 2081 395 2130 leminea
408 2080 573 2140 convolabunt,
585 2097 631 2133 uuo
640 2082 745 2132 etaltero
754 2080 894 2132 viventibus.
912 2080 1019 2130 Valerius
1029 2081 1149 2131 Maximus

48 2161 105 2211 Lib.
125 2160 167 2221 II,
185 2178 235 2230 cap.
254 2164 283 2221 1,
301 2165 329 2213 3:
350 2166 415 2219 Quae
431 2180 478 2214 aao
495 2169 618 2214 contentae
634 2165 785 2214 matrimonio
793 2167 911 2230 ficetum,
922 2165 1149 2223 eoroaapada'cs'tioe

48 2245 239 2294 honorabantur.
263 2245 397 2305 Maecilius,
415 2247 580 2312 Koppiersius,
598 2247 761 2297 Lachmaunus
779 2252 929 2297 correxerunt
945 2248 1027 2313 lapide
1044 2248 1089 2297 loc
1105 2262 1149 2313 pro

48 2326 134 2392 lapide
151 2327 207 2377 huic
224 2327 296 2377 Oodd.
315 2329 421 2379 Cornelia
437 2345 484 2378 uon
500 2329 601 2395 lapidem
617 2329 717 2394 cogitet,
731 2330 770 2379 sed
789 2330 908 2380 Paullum:
930 2331 988 2382 duic
1005 2331 1048 2380 arsi
1064 2336 1148 2396 nupta.

85 2431 127 2479 38.
162 2431 209 2480 Sal
226 2449 324 2496 quoram
341 2434 420 2485 titulis
437 2436 510 2486 Codd.
528 2453 620 2495 omncs,
636 2438 786 2504 praecedente
802 2444 826 2489 et
843 2440 925 2489 domas
938 2444 975 2489 eet
990 2439 1146 2488 titalieutra·

48 2530 96 2578 que
106 2514 178 2578 salta
193 2516 251 2564 saie.
269 2516 381 2568 Burthius
398 2517 533 2570 emendabat
544 2521 661 2586 peltae,
678 2523 788 2570 limante
803 2537 826 2570 v.
845 2521 1000 2588 Propertiuno
1017 2527 1042 2572 et
1056 2522 1149 2584 Pyrrhi

47 2597 87 2645 ad
105 2600 200 2646 nostros
220 2599 302 2662 ploria
317 2601 404 2664 fracta
423 2603 505 2665 pedae.
522 2631 555 2640 —-
577 2603 665 2652 Deinde
682 2605 755 2652 Gron.
766 2605 852 2668 μεως
870 2605 1011 2656 Heinsiunus
1021 2607 1098 2669 jacet.
1116 2635 1149 2644 —

48 2679 110 2730 Post
127 2679 190 2732 hunc
206 2696 300 2732 versum
316 2681 341 2730 in
359 2682 432 2732 Codd.
449 2683 536 2748 legitur
551 2683 667 2734 distichon

301 2764 333 2814 ut
349 2764 436 2814 Persen
450 2767 533 2831 proavi
550 2765 697 2817 simulantem
714 2771 795 2834 pectus
812 2769 923 2829 Achillis,

336 2847 428 2914 Quique
444 2851 496 2898 tuas
513 2865 614 2915 prossus
631 2850 715 2915 fregit,
733 2850 836 2911 Achille,
854 2852 948 2910 domos;

48 2934 113 3000 quod
137 2949 190 2982 cum
212 2935 353 3002 Koppiersio
369 2937 474 3002 spurium
488 2937 574 3001 judico.
600 2938 707 2988 Cornelis
724 2941 825 2989 testatur
841 2941 957 3004 maiorum
975 2956 1083 2999 suorum,
1102 2957 1149 2990 uon

48 3016 132 3064 Persei
148 3016 277 3067 Achillisve
293 3019 388 3076 Manem
404 3035 476 3084 neque
494 3020 631 3086 Propertius
647 3020 741 3088 illepide
755 3023 839 3086 prom
850 3023 875 3071 in
883 3023 1030 3083 hexametro,
1042 3039 1148 3088 proavus

46 3101 73 3148 iu
89 3101 235 3163 pentametro
250 3101 377 3166 repetisset.
394 3101 464 3160 Fuit,
481 3117 553 3166 quum
566 3104 717 3169 temptarem:
741 3103 822 3153 l'estor
836 3105 878 3168 qai
892 3104 985 3155 Persea
997 3105 1149 3156 anaema

41 3187 133 3246 pectas
155 3182 276 3246 Achillis,
295 3184 386 3248 Quique
402 3189 457 3234 tuae
468 3199 559 3250 prom
569 3183 649 3249 frepit
666 3185 762 3235 Achille
779 3187 872 3246 dmrwe,
889 3187 923 3236 itu
940 3190 968 3236 ut
985 3203 1031 3236 nou
1050 3189 1147 3248 Persen,

47 3281 95 3314 nou
122 3264 239 3314 Achillem
264 3267 370 3314 Romana
394 3269 501 3316 matrona
525 3269 665 3327 testaretur,
695 3283 777 3316 verum
803 3269 886 3319 Manes
913 3270 1007 3320 Aemilii
1033 3271 1070 3320 avi
1096 3273 1148 3332 sui,

48 3346 202 3396 Macedoniae
224 3343 327 3396 victoris.
359 3347 505 3412 l'rigidulum
522 3350 599 3397 tumen
616 3351 670 3413 post
685 3349 777 3414 Africa
793 3355 862 3400 toraca
879 3366 947 3400 omne
964 3351 1148 3402 additamentum

48 3430 154 3488 videtin,
177 3429 291 3494 nimisque
311 3430 462 3480 artificiosum
486 3434 509 3479 et
531 3428 721 3480 declamatorium
743 3429 779 3481 bis
796 3433 892 3482 mutatis
914 3433 992 3484 verbis
1014 3435 1039 3483 in
1061 3450 1108 3484 uno
1125 3437 1149 3483 et

49 3513 124 3560 altero
145 3526 215 3560 versu
235 3512 280 3560 hoe
302 3527 374 3561 unum
396 3512 537 3576 siguificare,
559 3511 583 3562 id
607 3516 643 3562 est
666 3512 776 3563 Perseum
802 3514 898 3564 victum.
925 3515 1031 3566 Distioho
1048 3515 1147 3578 omisso,

49 3594 150 3660 simplex
166 3596 190 3642 et
205 3595 301 3658 gravior
318 3597 345 3644 lit
362 3596 444 3645 oratio.

82 3709 125 3756 42.
162 3709 225 3762 Quia
246 3715 300 3758 erat
324 3709 397 3760 Codd.
421 3710 465 3760 Vir
486 3709 583 3770 doctu,
606 3711 671 3776 cujus
688 3727 772 3761 nomen
790 3711 871 3762 siletur
887 3713 949 3779 opud
966 3712 1148 3780 Koppiersium,

49 3789 150 3855 conjecit
168 3789 232 3845 oola
248 3791 302 3840 erit.
