2640 4400
715 339 753 397 16

185 508 283 560 Jacobio
298 509 415 575 myconus
430 510 511 569 color,
527 522 594 559 umor
609 523 679 558 verus
695 511 720 559 et
736 508 859 570 condidus,
875 525 923 561 non
941 524 998 562 curo
1015 511 1145 578 quaesitus,
1162 514 1187 562 et
1199 511 1269 562 confer

186 607 242 642 cum
260 592 376 658 superiore
394 590 473 657 elegis.
812 660 814 664 Ι

128 691 130 695 ·
221 679 261 729 14.
295 681 369 730 Grou.
384 683 408 730 et
423 682 498 748 Nccp.
514 682 607 747 quadiu
623 681 709 732 dicere.
744 682 844 732 Minuci
859 683 929 748 hrrjns
947 684 1056 751 temporis
1072 685 1157 750 gaudio
1174 685 1269 750 suscepte

186 763 266 816 cuore
281 767 306 815 et
318 764 408 828 jucturc
424 765 540 824 solebant,
557 767 616 814 teste
633 764 725 814 Ostullo
742 765 803 815 LV:
1130 757 1132 762 ’

518 847 545 896 u·
561 848 666 913 linquam
684 849 765 898 clauco
781 852 845 898 tunes
861 847 888 898 in
903 864 956 909 ore,

516 932 619 980 Ftoctuc
629 930 745 995 projicies
761 931 849 980 omorio
866 945 956 981 omnece

524 1013 627 1063 Verbera
640 1013 732 1078 caudet
753 1013 830 1064 Venus
846 1015 941 1078 loquela
945 1033 955 1071 ,·

187 1095 211 1142 et
231 1093 316 1144 Ouidio
335 1094 391 1146 Art.
406 1095 461 1145 Am.
479 1096 520 1146 II:
537 1097 616 1162 Atque
632 1095 718 1146 emitur
734 1113 819 1161 mcccc
835 1097 873 1145 uit
887 1095 936 1145 uiri
947 1110 1017 1162 posce
1034 1094 1106 1161 loqui.
1123 1095 1168 1146 Sed
1185 1093 1269 1144 candide

188 1176 323 1243 Propertius
340 1175 445 1237 amabat,
463 1193 504 1226 nec
521 1177 558 1227 ita
574 1178 638 1228 dices
654 1182 708 1228 erat
724 1182 751 1228 ut
767 1194 853 1243 macno
869 1195 945 1228 emere
961 1180 1039 1245 posset
1055 1177 1208 1244 proloquendi
1214 1177 1269 1226 inso-

186 1259 290 1310 lentiam.
316 1259 430 1310 Nonnulli
448 1260 520 1310 Codd.
535 1261 629 1326 condic
645 1262 732 1312 docere
747 1261 847 1321 habent,
865 1261 926 1327 quod
942 1261 1088 1310 invenustum
1107 1263 1150 1310 cst.
1168 1259 1269 1310 Heinsius

187 1343 291 1392 restituit
308 1343 406 1393 discere.

222 1433 261 1488 16.
296 1434 351 1500 Quo
373 1433 448 1499 magis
470 1449 512 1484 nos
534 1433 667 1500 disjungere
688 1433 821 1494 contendis,
844 1435 889 1485 hoc
910 1434 985 1500 magis
1007 1436 1105 1500 uterque
1125 1432 1269 1484 nostromte

187 1514 262 1575 follit,
278 1516 320 1581 qui
336 1519 467 1566 constantes
484 1532 604 1567 munemne
620 1518 646 1567 in
662 1521 729 1583 gratu
746 1521 770 1566 et
786 1521 881 1584 accepte
896 1517 949 1567 fide.

222 1605 262 1655 26.
296 1605 370 1656 Nulla
386 1607 493 1672 graviore
510 1607 610 1656 afficitur
625 1607 724 1670 injuria,
746 1623 817 1672 quam
834 1623 886 1656 cum
903 1608 1026 1666 Amorem,
1044 1607 1174 1657 amentium
1190 1609 1270 1661 Deum,

187 1689 294 1748 turdum,
317 1689 431 1749 desidem,
454 1689 597 1740 deficientem
619 1689 694 1748 videt,
717 1689 807 1754 quondo
828 1689 923 1738 amicus
937 1688 982 1738 sibi
998 1693 1090 1756 ereptus
1107 1689 1153 1740 alio
1169 1689 1270 1739 transfert

187 1770 283 1820 calores.

222 1858 262 1908 27.
297 1861 370 1912 Gron.
394 1864 417 1910 ct
443 1864 519 1927 Necp.
537 1861 667 1927 Μάρκε
689 1861 779 1919 nocem
804 1861 999 1911 Commcliniunus
1021 1877 1086 1912 vero:
1107 1867 1201 1921 nostro,
1218 1857 1269 1926 quod
1296 1832 1301 1879 1

187 1942 347 2008 praetulerunt
364 1944 487 2004 Heinsius,
504 1945 666 2003 Burmannus,
684 1945 861 2003 Lachmaunus,
880 1945 942 1997 Keil.
976 1945 1062 2010 Agitur
1078 1945 1141 1996 enim
1157 1945 1185 1996 dc
1202 1958 1269 1994 umore

188 2025 319 2092 Propertii,
336 2043 404 2093 quem
421 2028 508 2077 Bassus
526 2028 640 2092 Cynthiae
657 2027 745 2094 cripere
760 2027 875 2078 studebat.

554 2211 828 2278 ELEGIA
872 2213 914 2278 X.

457 2367 509 2415 nn
528 2365 740 2415 ounrnrsn.
768 2365 1010 2438 nnnnnunc.

330 2489 412 2550 (cous.
430 2491 463 2539 24
479 2493 503 2540 u
519 2491 565 2550 25,
582 2491 665 2540 surm.
683 2491 727 2550 19,
747 2451 792 2549 1i;
810 2490 907 2540 uacum.
925 2490 956 2540 17
973 2492 997 2540 et
1015 2488 1060 2549 18,
1078 2488 1140 2550 111.)

221 2623 287 2673 Haec
303 2639 356 2673 cnm
372 2625 493 2675 undecima
508 2625 533 2675 in
551 2625 624 2674 Codd.
641 2625 729 2675 duriter
746 2627 780 2674 cst
796 2624 919 2690 permixta.
943 2624 1066 2673 Praeterea
1083 2627 1173 2692 septem
1189 2639 1241 2674 con·
1302 2633 1303 2638 ’

254 2707 314 2757 tinet
336 2706 435 2757 disticho
458 2708 487 2756 sd
509 2707 604 2756 tertium
626 2706 693 2757 Libri
716 2707 800 2766 Tertii,
824 2707 923 2772 quinque
948 2707 977 2756 ud
1001 2709 1121 2771 quartum,
1146 2707 1193 2757 tric
1216 2705 1243 2756 ud

254 2789 359 2854 quintum
377 2788 443 2839 Libri
459 2789 558 2839 Secundi
568 2790 714 2855 pertinentia.
731 2789 822 2839 Lunditi
830 2789 874 2838 viri
880 2789 930 2852 jcm
938 2787 1028 2855 pridem
1036 2789 1243 2854 quncedquurtcm

254 2875 278 2922 et
300 2872 406 2939 quintum
427 2873 524 2922 Secundi
547 2872 613 2922 Libri
635 2874 752 2939 spectant,
778 2871 941 2936 disjunxerunt
948 2891 955 2929 ;
981 2873 1070 2920 ouctcrc
1095 2871 1120 2919 in
1143 2871 1243 2920 ordinem

254 2970 322 3005 suum
338 2955 458 3005 restituere
475 2954 560 3005 studui,
585 2955 690 3021 dlegicm
706 2957 785 3006 cutem
801 2954 826 3003 in
842 2954 922 3003 Primo
944 2953 1017 3004 Libro
1032 2953 1243 3004 esscoolloccndem

254 3051 282 3088 ex
297 3038 396 3090 emundo
413 3038 513 3088 disticho
530 3043 634 3104 apparet.

307 3200 370 3264 Hoc
391 3205 455 3263 orct
474 3201 505 3262 in
524 3201 628 3281 primis
649 3202 727 3279 qnod
746 3219 794 3262 mc
814 3199 943 3278 gaudere
958 3196 1111 3278 jubebas?

347 3304 425 3367 Tam
443 3309 474 3367 tc
493 3306 649 3368 formosam
668 3325 726 3367 non
745 3307 837 3383 pudet
856 3322 922 3366 esec
942 3301 1062 3364 levem?

307 3408 375 3473 Una
394 3413 447 3472 aut
466 3412 561 3472 ultera
580 3429 639 3472 nox
659 3410 788 3472 nondum
808 3414 854 3470 eet
874 3410 905 3469 in
925 3424 1023 3469 umore
1043 3409 1181 3487 peracto,

368 3513 409 3577 nt
427 3514 508 3577 dicor
527 3516 603 3576 lecto
617 3514 682 3593 jum
702 3514 801 3591 gravis
821 3530 887 3574 esse
907 3510 980 3573 tuo?

308 3617 357 3681 Mc
377 3618 462 3682 modo
482 3618 625 3682 laudatus
646 3623 677 3680 et
695 3618 827 3678 carmine
845 3619 946 3677 nostru
964 3613 1100 3691 legebus:
1254 3607 1269 3666 5

350 3721 405 3786 illc
425 3727 493 3786 tuus
512 3740 625 3802 pennus
644 3725 706 3784 tum
726 3721 784 3783 cito
802 3720 892 3782 vertit
912 3717 1015 3779 umor?
