2624 4398
699 331 738 392 66

289 504 426 585 iuppiter
445 503 605 564 Alcmenae
625 502 758 580 geminas
778 501 965 580 requieverat
984 501 1106 582 Arctos,
1229 501 1264 560 25

330 609 371 670 Et
390 608 503 669 coelum
522 609 610 667 noctu
630 605 677 666 bis
698 605 762 666 sine
782 623 854 683 rego
873 604 947 686 fuit,

289 713 354 774 Nec
373 715 473 772 tamen
493 709 601 771 idcirco
621 709 765 786 languens
786 709 825 769 ad
844 707 968 770 fulmina
987 707 1085 770 venit:

329 813 437 874 Nullus
457 830 537 873 amor
556 812 636 873 vires
656 811 744 890 eripit
764 812 828 890 ipse
848 830 927 875 suas.

290 916 394 991 Quid?
416 935 482 977 cum
502 933 520 975 e
540 915 695 992 complexu
714 914 865 976 Briseidos
884 915 942 976 iret
960 914 1110 994 Achilles,

329 1021 409 1081 Num
427 1018 530 1096 ingere
549 1019 646 1078 minus
667 1017 814 1079 Thessala
833 1018 895 1078 tela
913 1015 1074 1093 Phryges?
1226 1015 1264 1073 30

290 1122 393 1199 Quid?
414 1122 494 1182 ierus
514 1119 738 1182 Andromachae
757 1121 835 1182 lecto
855 1137 921 1180 cum
941 1121 1076 1195 surgeret
1094 1117 1221 1197 Hector,

329 1225 415 1284 Bella
434 1223 613 1301 Mycenaeae
633 1241 692 1282 non
711 1221 836 1282 timuere
856 1219 960 1282 rates?

289 1329 346 1390 Ille
365 1328 416 1388 vel
434 1326 484 1388 hic
504 1327 615 1388 classes
635 1329 752 1405 poterat
770 1327 820 1386 vel
839 1325 964 1404 perdere
984 1341 1093 1386 muros.

328 1433 386 1494 Hie
407 1449 462 1508 ego
481 1429 616 1510 Pelides,
636 1430 686 1490 hio
706 1430 786 1491 ferna
805 1431 916 1508 Hector
935 1447 1000 1506 ego.

289 1537 419 1615 Adspice
438 1534 483 1595 uti
503 1534 585 1596 caelo
605 1535 691 1596 modo
712 1535 773 1613 sol,
794 1534 879 1596 modo
898 1535 971 1594 luna
989 1531 1155 1593 ministret:
1230 1529 1264 1590 35

331 1639 381 1701 Sic
400 1638 491 1699 etiam
510 1637 595 1698 nobis
615 1655 675 1697 una
693 1638 796 1714 puella
814 1655 921 1715 parum
940 1640 995 1697 est.

290 1743 394 1806 Altera
413 1760 460 1803 me
481 1742 596 1819 cupidis
615 1745 717 1804 teneat
735 1741 893 1818 foveatque
913 1739 1049 1818 lacertis,

331 1846 435 1906 Altera
454 1845 480 1906 si
499 1844 616 1920 quando
635 1862 694 1904 non
713 1843 784 1904 sinit
803 1860 869 1904 esse
889 1843 1000 1922 loonm3

291 1949 353 2011 Aut
372 1948 399 2008 si
418 1947 492 2008 forte
512 1947 589 2007 irata
608 1964 674 2009 meo
694 1947 745 2007 det
764 1947 856 2007 verba
875 1947 1025 2024 ministro,

329 2051 371 2112 Ut
391 2051 467 2112 sciat
486 2067 552 2111 esse
573 2051 679 2130 aliam,
700 2067 777 2126 quae
797 2051 872 2111 velit
892 2067 957 2112 esse
977 2067 1054 2110 mea.
1231 2046 1266 2104 40

289 2157 368 2218 Nam
388 2153 493 2216 melius
513 2154 571 2216 duo
591 2155 752 2215 defendunt
771 2155 936 2216 retinacula
955 2169 1076 2230 navem,

331 2259 439 2320 Tutius
459 2262 490 2320 et
509 2259 642 2337 geminos
662 2259 754 2320 anxia
772 2262 867 2319 mater
886 2258 951 2318 alit.

221 2407 246 2459 2.
280 2406 500 2460 collassais.
533 2410 696 2460 Lachmannns
713 2408 814 2459 correxit
830 2408 864 2458 mi
880 2407 949 2466 laiac,
965 2420 1049 2470 nempe
1065 2418 1080 2452 a
1096 2401 1190 2469 puellis.

222 2511 246 2562 o.
281 2511 354 2562 Oodd.
372 2513 484 2572 deducii5
501 2516 648 2566 Passeratius
665 2514 767 2566 restituit
785 2515 887 2566 diducit.

205 2615 246 2666 13.
280 2615 352 2665 Gron.
370 2617 448 2668 nattis
464 2624 488 2670 et
504 2636 599 2678 aurem
626 2621 701 2688 Neap.
718 2624 743 2670 et
759 2620 844 2671 caetmi
860 2619 938 2670 molat
953 2617 981 2667 ia
997 2631 1084 2668 omnes.
1118 2612 1264 2680 Scriptum

172 2697 346 2764 Groninganam
363 2702 509 2750 contemnere
524 2701 606 2751 nolim.

203 2804 245 2854 14.
282 2804 351 2860 Quod
363 2805 457 2869 quaeris
473 2805 564 2865 Quare,
579 2807 651 2858 Codd.
666 2823 753 2858 omnes.
771 2809 825 2858 Hoc
834 2801 1195 2870 est:rationemquamqnaeris.
1213 2799 1264 2848 Non

171 2885 289 2945 admiror,
314 2902 387 2952 noque
411 2887 495 2937 damno
520 2887 583 2937 istud
610 2889 695 2944 Quare.
729 2889 838 2939 Humiles
864 2893 887 2940 et
911 2889 1012 2954 neglecti
1036 2885 1113 2946 modi,
1136 2899 1195 2950 qnos
1212 2878 1265 2930 Itali

171 2973 256 3020 vocant
277 2974 439 3036 praecatura,
462 2969 482 3018 si
509 2970 628 3020 sententiis
651 2974 675 3020 ei
691 2971 802 3021 orationis
819 2971 898 3037 generi
915 2973 1037 3038 aptentur,
1053 2968 1143 3018 habent
1160 2963 1264 3032 quiddum

170 3049 260 3116 lepidae
281 3049 408 3100 facilitatis.
441 3051 578 3102 Huschkius
595 3052 712 3118 eleganter
728 3052 878 3118 conjiciebat:
915 3054 984 3110 Quod
998 3052 1108 3118 qaaere,
1131 3065 1206 3101 aurae
1220 3058 1263 3095 aaa

171 3134 244 3184 aava
259 3135 324 3183 allus
339 3148 414 3183 anaor.

205 3235 246 3287 18.
280 3235 353 3285 Codd.
371 3235 409 3286 Mi
418 3237 527 3303 fortuna
543 3240 644 3305 aliquid.
678 3241 849 3293 Heimreichins
866 3241 955 3308 optime
971 3237 1095 3306 proposuit
1111 3236 1226 3303 αῑὶριιαη.

204 3338 247 3391 25.
281 3339 355 3391 Oodd.
371 3340 513 3403 Alcmenae,
535 3343 559 3393 id
576 3349 612 3396 est
628 3347 723 3412 Jupiter
738 3349 877 3406 Alcmenae,
894 3347 1018 3396 Alcmenes
1034 3346 1140 3402 amiton
1158 3339 1196 3391 vel
1211 3338 1262 3386 duos

172 3425 251 3475 noctes
268 3419 401 3473 Alcmenes.
436 3423 492 3474 Nisi
507 3426 634 3477 Alcmenae
651 3431 687 3477 est
702 3428 808 3489 datium,
825 3429 851 3477 in
867 3428 991 3478 Alcmenae
1008 3427 1118 3492 gratiam.

205 3527 247 3580 38.
280 3526 392 3578 Heinsius
407 3528 579 3595 perspicuitatis
596 3532 686 3596 gratia,
703 3535 730 3584 nt
746 3537 817 3600 puio,
833 3532 936 3599 legebat:
953 3532 1040 3583 Altera
1055 3527 1187 3595 equando
1201 3524 1261 3574 Μ·

205 3632 247 3682 39.
282 3630 357 3682 Ccdd.
374 3633 446 3682 Irata
462 3647 512 3682 meo
528 3633 561 3683 at
570 3635 647 3700 sacta
663 3636 780 3688 ministro.
814 3637 905 3688 Vitiosa
926 3637 1039 3704 proiecto.
1074 3633 1188 3684 Dominus
1204 3627 1257 3678 enim

172 3712 240 3764 flocci
256 3712 326 3772 iacit,
344 3712 363 3762 si
380 3712 457 3779 puelle
473 3713 582 3766 ministro
598 3716 715 3769 irascitur.
744 3721 761 3768 J
763 3719 856 3770 acobius
871 3723 965 3786 praeter
982 3716 1173 3768 masuetudmem
1189 3713 1258 3764 min¹1⁵
