2624 4398
711 344 771 408 130

314 518 370 595 ,Si
390 537 448 581 non
468 538 546 580 vana
565 525 675 582 canunt
694 539 776 600 mea,
796 520 968 600 hygiam,
989 521 1119 600 somnia,
1139 525 1240 583 testor:

355 620 478 695 „Poena
497 624 554 684 erit
573 627 642 685 ante
662 642 743 685 meos
763 642 846 703 sera,
867 625 921 686 sed
940 626 1053 704 ampla,
1075 623 1183 704 pedes3
1235 624 1264 681 30

316 724 439 798 „Putris
459 729 489 787 et
509 726 540 787 in
560 744 653 789 vacuo
674 731 791 788 texetur
811 746 920 789 aranea
940 729 1034 806 lecto,

346 821 521 904 ,Noctibus
542 831 657 891 illorum
678 831 803 892 dormiet
823 831 889 908 ipsa
909 831 1040 892 Venua.’'

313 929 396 1006 Quae
416 932 471 993 tibi
492 932 518 992 si
538 933 617 994 veris
638 933 745 994 animis
766 936 812 994 est
831 937 938 1011 questa
957 934 1075 1012 puella,

351 1035 417 1095 Hac
436 1035 540 1098 eadem
560 1053 677 1114 rursus,
698 1035 869 1116 Lygdame,
890 1054 974 1098 curre
994 1035 1062 1114 via,

312 1135 352 1198 lit
371 1155 438 1198 mea
457 1155 524 1199 cum
543 1138 645 1198 multis
665 1138 795 1200 lacrimis
815 1137 955 1199 mandata
975 1143 1110 1216 reporta:
1239 1136 1266 1196 35

352 1240 447 1320 Iram,
467 1260 525 1301 uon
545 1240 680 1320 fraudes,
702 1258 769 1302 esse
789 1241 821 1302 in
841 1259 941 1303 amore
961 1259 1039 1303 meo.

312 1341 361 1404 Me
379 1359 496 1420 quoque
516 1343 663 1404 consimili
683 1343 852 1420 impositum
871 1344 1034 1422 torquerier
1054 1343 1118 1421 igni

350 1437 479 1524 iurabo,
501 1449 531 1506 et
550 1445 597 1506 bis
618 1463 672 1506 sex
692 1445 809 1523 integer
829 1463 896 1508 esse
916 1447 991 1508 dies.

314 1546 400 1623 Quod
420 1547 493 1608 mihi
513 1548 540 1609 si
561 1565 577 1608 e
598 1552 680 1609 tanto
701 1548 774 1608 felix
795 1548 949 1611 concordia
969 1549 1049 1611 bello

353 1651 523 1730 Exstiterit,
544 1669 598 1728 per
617 1670 681 1729 me,
702 1650 873 1731 Lygdame,
894 1652 971 1714 liber
991 1651 1061 1712 eris.
1135 1678 1139 1686 v
1201 1635 1206 1648 ’
1241 1647 1269 1705 40

244 1797 268 1847 8.
302 1797 377 1846 Grau.
394 1798 458 1846 Dum
475 1813 525 1855 Μ
543 1799 621 1862 Necp.
638 1797 693 1846 Non
709 1813 761 1854 πω
778 1796 879 1847 Paccius
895 1798 966 1849 Nan.

245 1885 270 1935 4.
304 1886 362 1936 Post
378 1885 402 1935 h.
420 1901 443 1936 v.
461 1885 535 1937 Codd.
552 1885 652 1934 habeut:

460 1967 545 2017 Omnis
562 1968 625 2017 enim
641 1965 710 2016 debet
726 1967 776 2016 sina
793 1983 853 2017 vano
871 1983 920 2018 esse
936 1967 1037 2027 relator,

493 2050 656 2115 Majoremque
672 2042 758 2099 timeus
775 2066 855 2100 servus
872 2049 958 2099 habere
974 2049 1052 2099 fidem.

196 2129 299 2180 Volscus
311 2130 444 2196 corrigebat
459 2131 513 2182 sine
527 2132 608 2190 caum,
632 2132 741 2180 Muretus
758 2133 916 2198 majoremque
933 2137 1002 2182 metu.
1034 2131 1169 2181 Distichum
1184 2127 1268 2195 apuliam

194 2213 274 2276 rejicio
290 2229 345 2262 cum
361 2213 526 2273 Lachmanuo,
543 2215 583 2279 qui
600 2214 634 2263 sic
651 2214 767 2280 disputat:
789 2215 871 2263 :Cum
888 2213 1005 2282 prioribus
1023 2229 1065 2280 per
1083 2207 1269 2280 pentemimeris

194 2294 255 2347 male
278 2295 429 2361 conjungitur
434 2317 441 2354 ;
463 2300 516 2347 tum
539 2297 614 2346 oratio
632 2297 710 2347 minua
727 2297 792 2347 culta
809 2300 832 2346 et
850 2296 955 2361 elegans;
972 2299 1024 2346 tota
1040 2296 1157 2346 sententia
1173 2308 1223 2344 vero
1236 2303 1270 2337 nol

194 2379 269 2430 etiosa
291 2378 367 2428 solum
389 2383 438 2438 est,
455 2395 559 2445 quaeque
575 2379 604 2428 do
619 2379 714 2429 domina
730 2394 773 2428 sna
790 2379 877 2444 aliquid
894 2379 952 2428 scire
968 2378 1120 2428 festinantem
1136 2392 1182 2428 non
1196 2374 1269 2423 dcet:

195 2460 234 2510 sed
254 2463 278 2510 et
300 2464 379 2526 aperte
400 2461 469 2520 falsa,
487 2477 542 2512 enm
558 2477 633 2526 neque
649 2477 729 2511 omnes
746 2461 841 2511 nuntios
857 2477 913 2511 vera
930 2461 1016 2510 referre
1034 2462 1155 2526 oportent,
1172 2471 1211 2506 nee
1225 2453 1269 2503 ΡΝ·

195 2541 284 2608 pertine
300 2557 314 2590 a
331 2542 446 2606 Cynthiae
462 2558 543 2604 servo,
561 2546 588 2593 ut
604 2544 650 2593 sibi
667 2545 727 2594 lidus
744 2545 789 2603 sit,
806 2543 926 2610 postulare
942 2543 1031 2610 possit,
1045 2559 1088 2593 nec
1098 2534 1269 2608 Lygusmoqrie·

195 2637 265 2688 quam
281 2622 431 2672 metuendum
448 2623 491 2684 sit,
508 2640 549 2684 ue,
568 2624 588 2674 si
605 2625 661 2690 quitl
678 2628 733 2690 agat
750 2625 866 2690 Cynthia,
885 2629 994 2674 narret.-

246 2709 269 2760 7.
305 2709 377 2760 Ccdtl.
393 2711 458 2762 ticet
474 2729 533 2763 eam.
559 2713 670 2763 Muretus
686 2713 791 2780 reposuit
808 2713 908 2764 Siccine.

230 2798 271 2850 10.
304 2800 380 2850 Gran.
396 2803 511 2860 nullam
529 2805 606 2870 Neap.
623 2805 730 2854 uuluae.

229 2887 271 2938 11.
303 2889 377 2939 Gran.
394 2894 422 2941 at
438 2895 551 2942 maestam
556 2912 566 2950 ;
584 2893 707 2957 Naupor
725 2896 846 2942 metans.

229 2976 270 3027 17.
303 2979 364 3028 Sunt
380 2979 452 3030 verba
469 2982 583 3047 Cynthiae
596 2982 740 3048 aLygdamc
757 2981 839 3033 relate.
857 2973 1267 3048 Adplcuiommcarminirintaliger·

194 3056 253 3106 tiam
265 3060 397 3124 ponendum
410 3065 459 3122 eet,
476 3064 619 3128 Cynthium,
634 3081 707 3130 quum
725 3064 846 3114 duodecim
859 3062 943 3113 abhinc
955 3062 1034 3112 diebus
1041 3061 1164 3112 menium
1173 3061 1269 3108 interam
1289 3091 1290 3132 3

196 3143 221 3189 et
237 3140 388 3207 Propertium
405 3147 477 3202 essct,
491 3144 542 3208 jam
560 3145 630 3195 semel
646 3145 793 3211 Lygdamum
809 3145 865 3194 hnic
881 3146 986 3202 misisse;
1001 3144 1067 3208 crpus
1077 3141 1270 3209 suprasolare
1289 3155 1290 3184 l

196 3222 290 3272 audiens
307 3225 490 3277 exclamaverat:
508 3227 554 3276 hoc
571 3231 608 3277 est
623 3228 753 3293 praemium
770 3227 855 3277 amoris
872 3227 937 3277 msii’
953 3228 1012 3276 hsce
1023 3225 1202 3276 illedixitictc.
1217 3219 1270 3268 Num

196 3307 275 3354 autem
295 3321 377 3359 servus
401 3323 483 3359 rursus
505 3309 654 3375 Propertium
674 3310 737 3370 adit,
763 3309 867 3376 querelas
889 3309 997 3360 dominae
1013 3311 1111 3366 narrat,·
1133 3307 1217 3357 amator
1230 3309 1268 3346 ⁶⁰1⁰

196 3387 430 3452 interrogationibus,
448 3390 568 3441 blanditiis
585 3396 608 3442 et
624 3393 746 3458 promissis
762 3393 860 3460 fatigat,
878 3392 976 3458 denique
995 3379 1268 3456 legatumdspaeritit·

230 3476 271 3527 20.
305 3477 381 3528 Locus
398 3480 463 3531 varie
478 3479 622 3531 sollicitatus.
642 3481 714 3532 Codri.
725 3498 804 3532 omues
814 3483 938 3548 aequalem
946 3483 1015 3530 nulla
1023 3481 1104 3532 dicere
1113 3474 1267 3530 monem-02·

197 3557 319 3608 Palatinus
342 3561 421 3620 domi;
445 3561 550 3627 Scaliger
571 3561 749 3629 corrigebatur
765 3566 859 3630 qualem
875 3579 919 3630 pro
936 3563 1059 3627 aequalem
1064 3583 1074 3620 ;
1092 3551 1267 3611 ammiranti

197 3641 298 3706 qualem.
330 3641 474 3708 interpretes
500 3659 569 3694 vero=
595 3647 674 3709 potest
699 3645 775 3697 dicere
795 3661 820 3695 se
840 3643 926 3694 habere
947 3643 1010 3693 domi
1027 3642 1142 3703 amicam,
1158 3631 1264 3707 quelfflil

198 3722 264 3774 nulla
276 3724 345 3774 domo
361 3725 420 3775 alius
433 3725 519 3777 habere
534 3727 626 3794 possit?
651 3728 748 3780 Vossius
763 3731 787 3778 et
800 3727 970 3792 Hertcbergins
983 3726 1107 3778 emendant
1119 3730 1186 3792 atqu
1196 3719 1264 3771 etms
