2642 4396
315 821 453 874 (um
473 821 653 878 QUARTUS
674 819 1166 874 Psuunm’nom'nnu'us.)

479 1019 1000 1103 DIERUM

400 1274 713 1392 (Ponmnls),
742 1275 1083 1350 FRAGMENTA.

723 1817 749 1881 1.

570 1999 624 2064 un
651 1998 758 2047 nnus:
786 1997 907 2045 nores.

447 2142 530 2205 (cosa
549 2146 573 2191 ee
589 2142 674 2193 eum.
692 2142 722 2201 1,
741 2141 792 2199 1v;
811 2141 909 2191 nunu.
928 2142 957 2200 1,
976 2141 1015 2200 v.)

227 2297 340 2348 Omnium
358 2299 467 2348 Dranuus
483 2299 669 2363 fragmentorum
685 2299 730 2347 hoe
746 2297 928 2347 nobilissimum.
946 2297 996 2346 Gur
1013 2297 1141 2362 Propertio
1155 2309 1246 2346 asserere

259 2396 372 2446 nequeam
393 2380 419 2429 iu
441 2379 604 2430 dissertatione
625 2379 754 2445 praemisse
776 2379 884 2445 exposui,
909 2383 934 2428 et
957 2378 1033 2428 mults
1055 2396 1116 2444 quae
1137 2383 1203 2447 poste
1221 2375 1246 2425 ab

260 2461 346 2512 Ovidio
362 2465 483 2512 mutuatus
500 2465 549 2521 est,
566 2461 663 2528 protuli.
688 2460 776 2510 Sabino
792 2461 963 2511 restituendum
979 2477 1069 2510 eeuseo.

313 2619 376 2680 Hoe
396 2621 598 2696 quodeunque
618 2619 719 2697 vides,
741 2618 866 2697 hospes,
887 2635 947 2694 qua
967 2618 1098 2678 maxima
1117 2619 1209 2679 Βοωα
1224 2619 1271 2681 θεῖ,

351 2720 430 2782 Ante
450 2722 600 2799 Phrygem
619 2720 743 2781 Aenean
763 2721 849 2782 eollis
869 2724 900 2780 et
920 2720 1014 2780 herba
1033 2719 1107 2780 fuit:

312 2822 410 2899 Atque
429 2824 481 2885 ubi
500 2823 610 2884 Navali
630 2827 710 2884 stant
730 2841 814 2884 suere
835 2823 953 2883 Palatia
972 2823 1108 2902 Phoebo,

352 2927 485 2988 Evandri
504 2928 645 3006 profugae
665 2929 848 2990 ooneubuere
868 2929 968 2989 boves.
1301 2995 1302 3014 χ

313 3029 470 3091 Fietilibus
490 3049 609 3093 oravere
629 3033 694 3093 deis
714 3032 789 3093 haee
808 3049 900 3092 aurea
919 3033 1044 3108 templa,
1110 3037 1112 3044 ⁴
1257 3023 1270 3080 5
1301 3059 1302 3072 ¹

353 3130 417 3193 Neo
437 3133 493 3194 fuit
513 3136 668 3212 opprobrio
687 3136 767 3196 foeta
787 3137 851 3196 sine
872 3140 935 3196 arte
956 3154 1040 3215 oasa,

314 3235 520 3313 Tarpejusque
540 3243 624 3315 pater
643 3239 723 3300 nude
742 3241 780 3300 de
800 3236 874 3318 rupe
893 3240 1032 3319 tonabat,

353 3337 393 3398 Et
412 3337 533 3400 Tiberis
552 3341 660 3401 nostris
681 3341 796 3402 advena
814 3342 911 3402 bubus
932 3347 1004 3403 erat.

313 3435 380 3512 Qua
399 3439 540 3515 gradibus
560 3442 664 3503 domus
684 3443 743 3504 isla
762 3445 849 3504 Remi
869 3461 903 3504 se
924 3444 1059 3522 sustulit,
1081 3444 1152 3505 olim

354 3541 437 3602 Unus
457 3547 521 3602 erat
540 3542 661 3604 frenum
682 3546 812 3606 maxims
831 3564 924 3623 regna
942 3546 1034 3608 loeus.
1240 3537 1270 3597 1⁰

313 3639 417 3720 (luris,
437 3647 589 3720 praetexto
609 3664 685 3722 quae
704 3666 781 3708 nune
802 3649 878 3710 nitet
897 3649 959 3709 alta
979 3648 1105 3728 Senatu,

352 3742 474 3847 Pellitos
494 3746 614 3828 habuit,
634 3751 746 3812 rustica
765 3752 871 3832 eorda,
892 3757 1001 3830 patrea.
