2640 4400
186 375 244 418 mv

185 539 280 596 'M'
353 617 454 660 versus
482 600 617 676 nauigat3
641 599 817 674 tempestate
840 599 905 657 ‚orta
926 596 1048 656 Romam
1068 599 1229 658 revertitur
1248 602 1273 656 ol

353 702 482 761 Primum
495 700 636 777 Cynthiae
650 700 757 759 librum
769 697 839 758 edit.
860 731 900 743 —
922 703 1069 774 Anqnstas
1080 699 1111 759 in
1125 699 1272 760 Graeciam

348 803 551 884 proficiscitur,
566 802 686 863 Samum
698 801 831 880 naeinam·
845 801 952 862 bellam
966 801 997 861 in
1009 801 1136 861 Parthos
1147 803 1273 863 molina.

204 908 270 966 734.
291 941 331 952 -
351 908 519 984 Propertius
544 925 609 966 cum
635 904 764 982 Cynthia
789 903 892 965 foedus
913 909 1052 984 renovat;
1074 906 1274 966 Maecenatem

351 1009 467 1087 laudat,
489 1007 652 1084 Augustum
674 1007 812 1068 celebrat.
834 1040 874 1051 -
895 1006 1041 1067 Phraates
1052 1007 1181 1086 ilnqnsto
1194 1009 1273 1086 sipnu

353 1119 379 1172 rt
409 1111 535 1190 captiuos
566 1110 696 1170 remittit.
741 1108 871 1170 Tiberias
898 1109 975 1170 Nero
1005 1110 1159 1188 Tmranem
1181 1131 1272 1188 repen

332 1231 335 1237 ·
353 1215 553 1275 Armeniorum
574 1213 606 1274 in
626 1232 747 1292 replicem
769 1212 891 1272 deducit.
931 1211 1078 1289 Cyzicenis
1099 1214 1221 1275 libertas
1242 1214 1273 1273 ab

353 1319 480 1395 Anqrnsta
512 1318 655 1395 attempta.
695 1318 800 1376 Tullus
831 1317 863 1374 in
893 1314 995 1376 Asiam
1025 1315 1221 1394 proficiscitur
1248 1324 1274 1375 et

350 1422 534 1498 Propertium
556 1421 691 1481 comitem
711 1422 804 1496 rogat.
836 1419 872 1478 V.
894 1419 941 1478 El.
962 1419 1019 1478 XX
1040 1420 1107 1480 Lib.
1129 1419 1195 1480 Sec.

203 1523 271 1584 735.
292 1557 331 1568 -
351 1524 520 1604 Propertius
533 1522 697 1583 Secundum
711 1521 852 1599 Cynthiae
862 1522 970 1582 librum
982 1522 1052 1582 edit.
1070 1559 1107 1566 —
1127 1523 1274 1602 depastus

351 1626 386 1686 ab
411 1624 526 1686 Oriente
547 1625 668 1685 Romam
689 1625 781 1693 redit‚·
812 1625 946 1702 Virpilins
963 1625 1115 1686 Brundisii
1132 1608 1272 1692 maritam·

351 1729 458 1790 Romae
482 1729 626 1807 Tilinllns,
649 1729 789 1789 secandas
806 1729 878 1788 serie
897 1729 1032 1807 temporis
1045 1726 1273 1806 pada'eroticns

351 1851 498 1894 romanas.

204 1941 271 2000 736.
295 1971 332 1984 ·-
353 1937 466 1997 Lenda
484 1934 659 1996 maritandis
677 1932 826 1993 ordinibus
844 1934 879 1992 ab
899 1933 1023 2011 drnqnsto
1034 1943 1150 2015 rapoto,
1167 1937 1272 2015 pannio

352 2044 488 2099 renuente
513 2056 569 2096 non
594 2036 719 2114 perlata.
761 2035 930 2110 Propertius
955 2035 1031 2096 hano
1057 2037 1153 2112 legem
1179 2037 1272 2098 innuit

350 2142 396 2201 El.
418 2140 505 2200 XXII
527 2140 609 2199 Libri
632 2138 741 2217 Tertii,
763 2137 932 2214 gaudetque
954 2138 1107 2198 sublatam.

203 2245 270 2304 737.
294 2280 329 2288 -
351 2243 519 2320 Propertius
545 2225 702 2318 cynthiam
729 2240 839 2300 deserit
859 2243 925 2316 post
945 2241 1161 2317 quinquennale
1183 2243 1272 2305 serui-

352 2346 438 2424 tium3
465 2345 600 2404 Tertium
625 2341 766 2420 Cynthiae
786 2341 893 2401 librum
914 2341 1055 2420 absolvit,
1078 2345 1198 2421 editque
1219 2347 1270 2406 hoc
1303 2417 1304 2422 .

349 2466 425 2507 anno
435 2449 483 2508 vel
495 2447 637 2522 sequenti.
651 2481 687 2488 —
710 2444 856 2521 Anqnstns
870 2442 952 2502 indos
963 2445 1125 2505 sacratores
1135 2446 1271 2507 institnit.
1303 2429 1304 2446 ¹

202 2552 269 2611 738.
289 2579 328 2594 -
349 2549 382 2609 L.
404 2548 548 2609 Domitius
571 2553 597 2606 et
616 2547 649 2607 P.
671 2546 819 2606 Cornelias
838 2544 932 2623 Scipio
951 2544 1094 2606 Concidet.
1125 2546 1270 2624 Cornelio,

349 2669 429 2712 soror
449 2649 604 2728 Scipionis,
622 2669 697 2710 aanor
713 2647 816 2727 Lepidi
831 2648 963 2708 moritur.
996 2647 1136 2711 Horatius
1159 2651 1271 2731 Epista·
1302 2703 1303 2719 ,

350 2755 445 2814 larrrm
457 2752 577 2812 Libram
590 2752 723 2813 Primum
734 2753 842 2829 culpat.
863 2785 900 2796 ·-
921 2753 1090 2830 Propertius
1099 2755 1272 2833 Epicadium

347 2855 499 2917 Corneliae
527 2855 637 2915 scribit.
668 2856 738 2915 Post
762 2854 839 2915 hunc
860 2873 969 2914 annum
989 2857 1080 2917 vitam
1100 2859 1273 2935 produxisse
1301 2921 1302 2932 χ

348 2976 406 3019 uon
446 2960 568 3017 constat.
610 2953 690 3018 Obiit
721 2957 794 3019 forte
832 2977 908 3018 anno
939 2960 1148 3041 subsequente,
1170 2965 1272 3024 tertius
1301 2947 1302 2991 ¹

347 3060 419 3120 serie
442 3060 578 3137 temporis
600 3062 726 3122 eroticus
746 3066 834 3139 poeta
854 3080 999 3124 romanus.

202 3165 268 3224 739.
289 3196 330 3208 -
353 3162 486 3241 Ovidius,
502 3163 577 3223 serie
588 3165 742 3242 temporis,
759 3171 882 3244 qnartns
890 3171 975 3244 poeta
987 3169 1110 3228 erotirns
1121 3188 1271 3246 rornanas,
1300 3233 1301 3263 ¹

347 3266 457 3344 primos
488 3266 627 3328 Amorum
660 3267 747 3327 libros
779 3275 806 3328 et
833 3269 947 3346 ninas
978 3269 1120 3331 Heroides
1146 3273 1197 3333 snb
1222 3276 1271 3334 tzor

351 3375 461 3449 tempas
492 3371 600 3449 caelant.
639 3369 744 3432 llbaeti
773 3378 798 3431 et
830 3371 969 3433 Vindelici
991 3393 1045 3452 per
1074 3373 1217 3437 Tiberium
1247 3385 1269 3438 rt

352 3471 479 3534 [irrisam
517 3473 698 3552 sinbiqnntnr.
740 3473 888 3554 Anqnstns
927 3475 1073 3553 Cyzicenis
1112 3479 1267 3542 libertatem
1299 3467 1300 3534 l

353 3573 487 3636 restitnit.
