<?xml version="1.0" encoding="UTF-8"?>
<!DOCTYPE html PUBLIC "-//W3C//DTD XHTML 1.0 Transitional//EN"
    "http://www.w3.org/TR/xhtml1/DTD/xhtml1-transitional.dtd">
<html xmlns="http://www.w3.org/1999/xhtml" xml:lang="en" lang="en">
 <head>
  <title>
</title>
<meta http-equiv="Content-Type" content="text/html;charset=utf-8" />
  <meta name='ocr-system' content='tesseract 3.04.00' />
  <meta name='ocr-capabilities' content='ocr_page ocr_carea ocr_par ocr_line ocrx_word'/>
</head>
<body>
  <div class='ocr_page' id='page_1' title='image "./cynthiacumlibro00carugoog_0094.png"; bbox 0 0 2640 4400; ppageno 0'>
   <div class='ocr_carea' id='block_1_1' title="bbox 553 363 591 422">
    <p class='ocr_par' dir='ltr' id='par_1_1' title="bbox 553 363 591 422">
     <span class='ocr_line' id='line_1_1' title="bbox 553 363 591 422; baseline 0 0"><span class='ocrx_word' id='word_1_1' title='bbox 553 363 591 422; x_wconf 82' lang='lat'><strong>27</strong></span> 
     </span>
    </p>
   </div>
   <div class='ocr_carea' id='block_1_2' title="bbox 27 537 1123 696">
    <p class='ocr_par' dir='ltr' id='par_1_2' title="bbox 27 537 1123 696">
     <span class='ocr_line' id='line_1_2' title="bbox 59 537 1123 607; baseline -0.002 -15"><span class='ocrx_word' id='word_1_2' title='bbox 59 544 98 594; x_wconf 81' lang='lat'><strong>12.</strong></span> <span class='ocrx_word' id='word_1_3' title='bbox 132 545 208 593; x_wconf 83' lang='lat' dir='ltr'><strong>Gron.</strong></span> <span class='ocrx_word' id='word_1_4' title='bbox 225 545 250 592; x_wconf 90' lang='lat' dir='ltr'><strong>et</strong></span> <span class='ocrx_word' id='word_1_5' title='bbox 267 543 343 607; x_wconf 86' lang='lat' dir='ltr'><strong>Naap.</strong></span> <span class='ocrx_word' id='word_1_6' title='bbox 360 541 469 592; x_wconf 74' lang='lat' dir='ltr'><strong>aum</strong></span> <span class='ocrx_word' id='word_1_7' title='bbox 485 553 557 590; x_wconf 74' lang='lat' dir='ltr'><strong>m</strong></span> <span class='ocrx_word' id='word_1_8' title='bbox 573 553 617 605; x_wconf 89' lang='lat' dir='ltr'><strong>pro</strong></span> <span class='ocrx_word' id='word_1_9' title='bbox 634 539 717 589; x_wconf 72' lang='lat' dir='ltr'><strong>musi</strong></span> <span class='ocrx_word' id='word_1_10' title='bbox 732 537 829 590; x_wconf 69' lang='lat' dir='ltr'><strong>babuit.</strong></span> <span class='ocrx_word' id='word_1_11' title='bbox 845 537 1014 599; x_wconf 72' lang='lat' dir='ltr'><strong>Vadomarii,</strong></span> <span class='ocrx_word' id='word_1_12' title='bbox 1024 539 1123 591; x_wconf 88' lang='lat' dir='ltr'><strong>Heinsio</strong></span> 
     </span>
     <span class='ocr_line' id='line_1_3' title="bbox 27 621 660 696; baseline -0.013 -17"><span class='ocrx_word' id='word_1_13' title='bbox 27 628 151 696; x_wconf 82' lang='lat' dir='ltr'><strong>probante,</strong></span> <span class='ocrx_word' id='word_1_14' title='bbox 168 627 266 677; x_wconf 78' lang='lat' dir='ltr'><strong>altem</strong></span> <span class='ocrx_word' id='word_1_15' title='bbox 282 641 369 682; x_wconf 64' lang='lat' dir='ltr'><strong>marm</strong></span> <span class='ocrx_word' id='word_1_16' title='bbox 387 621 544 673; x_wconf 85' lang='lat' dir='ltr'><strong>Mentaliauns</strong></span> <span class='ocrx_word' id='word_1_17' title='bbox 560 624 660 672; x_wconf 69' lang='lat' dir='ltr'><strong>adm.</strong></span> 
     </span>
    </p>
   </div>
   <div class='ocr_carea' id='block_1_3' title="bbox 26 733 1125 969">
    <p class='ocr_par' dir='ltr' id='par_1_3' title="bbox 26 733 1125 969">
     <span class='ocr_line' id='line_1_4' title="bbox 58 733 1124 805; baseline -0.007 -14"><span class='ocrx_word' id='word_1_18' title='bbox 58 743 98 791; x_wconf 89' lang='lat'><strong>18.</strong></span> <span class='ocrx_word' id='word_1_19' title='bbox 134 741 236 789; x_wconf 81' lang='lat' dir='ltr'>Versum</span> <span class='ocrx_word' id='word_1_20' title='bbox 249 737 445 803; x_wconf 85' lang='lat' dir='ltr'><strong>sioiuterpretor:</strong></span> <span class='ocrx_word' id='word_1_21' title='bbox 463 735 557 794; x_wconf 85' lang='lat' dir='ltr'><strong>Timeo,</strong></span> <span class='ocrx_word' id='word_1_22' title='bbox 571 733 726 793; x_wconf 80' lang='lat' dir='ltr'><strong>arridaeum,</strong></span> <span class='ocrx_word' id='word_1_23' title='bbox 740 733 854 800; x_wconf 86' lang='lat' dir='ltr'><strong>quiabie,</strong></span> <span class='ocrx_word' id='word_1_24' title='bbox 868 733 946 798; x_wconf 83' lang='lat' dir='ltr'><strong>Bojis,</strong></span> <span class='ocrx_word' id='word_1_25' title='bbox 959 735 1035 784; x_wconf 85' lang='lat' dir='ltr'><strong>nuruis</strong></span> <span class='ocrx_word' id='word_1_26' title='bbox 1043 749 1124 805; x_wconf 79' lang='lat' dir='ltr'><strong>amor¹</strong></span> 
     </span>
     <span class='ocr_line' id='line_1_5' title="bbox 26 815 1125 882; baseline -0.008 -5"><span class='ocrx_word' id='word_1_27' title='bbox 26 825 102 878; x_wconf 87' lang='lat' dir='ltr'><strong>omnis</strong></span> <span class='ocrx_word' id='word_1_28' title='bbox 118 825 210 872; x_wconf 81' lang='lat' dir='ltr'><strong>amator</strong></span> <span class='ocrx_word' id='word_1_29' title='bbox 227 822 263 868; x_wconf 88' lang='lat' dir='ltr'><strong>est</strong></span> <span class='ocrx_word' id='word_1_30' title='bbox 279 817 405 868; x_wconf 84' lang='lat' dir='ltr'><strong>timendus.</strong></span> <span class='ocrx_word' id='word_1_31' title='bbox 438 815 528 881; x_wconf 85' lang='lat' dir='ltr'><strong>Bajaua</strong></span> <span class='ocrx_word' id='word_1_32' title='bbox 549 817 612 866; x_wconf 88' lang='lat' dir='ltr'><strong>enim</strong></span> <span class='ocrx_word' id='word_1_33' title='bbox 627 815 700 866; x_wconf 86' lang='lat' dir='ltr'><strong>litora</strong></span> <span class='ocrx_word' id='word_1_34' title='bbox 716 815 787 866; x_wconf 76' lang='lat' dir='ltr'><strong>essfis</strong></span> <span class='ocrx_word' id='word_1_35' title='bbox 804 815 889 882; x_wconf 77' lang='lat' dir='ltr'>puellis</span> <span class='ocrx_word' id='word_1_36' title='bbox 905 817 1000 868; x_wconf 91' lang='lat' dir='ltr'><strong>inimiea</strong></span> <span class='ocrx_word' id='word_1_37' title='bbox 1015 823 1085 870; x_wconf 81' lang='lat' dir='ltr'><strong>vocat</strong></span> <span class='ocrx_word' id='word_1_38' title='bbox 1100 823 1125 868; x_wconf 87' lang='lat' dir='ltr'><strong>ot</strong></span> 
     </span>
     <span class='ocr_line' id='line_1_6' title="bbox 28 899 559 969; baseline -0.015 -11"><span class='ocrx_word' id='word_1_39' title='bbox 28 907 178 958; x_wconf 76' lang='lat' dir='ltr'><strong>abominatur</strong></span> <span class='ocrx_word' id='word_1_40' title='bbox 194 904 264 969; x_wconf 87' lang='lat' dir='ltr'><strong>poeta</strong></span> <span class='ocrx_word' id='word_1_41' title='bbox 279 901 385 951; x_wconf 80' lang='lat' dir='ltr'><strong>versibus</strong></span> <span class='ocrx_word' id='word_1_42' title='bbox 402 899 559 966; x_wconf 86' lang='lat' dir='ltr'><strong>aequantibus.</strong></span> 
     </span>
    </p>
   </div>
   <div class='ocr_carea' id='block_1_4' title="bbox 58 1011 1224 1079">
    <p class='ocr_par' dir='ltr' id='par_1_4' title="bbox 58 1011 1224 1079">
     <span class='ocr_line' id='line_1_7' title="bbox 58 1011 1224 1079; baseline -0.007 -10"><span class='ocrx_word' id='word_1_43' title='bbox 58 1023 100 1069; x_wconf 77' lang='lat'><strong>21.</strong></span> <span class='ocrx_word' id='word_1_44' title='bbox 134 1019 208 1067; x_wconf 87' lang='lat' dir='ltr'><strong>Gron.</strong></span> <span class='ocrx_word' id='word_1_45' title='bbox 226 1013 404 1072; x_wconf 67' lang='lat' dir='ltr'><strong>domitium,-</strong></span> <span class='ocrx_word' id='word_1_46' title='bbox 422 1011 667 1079; x_wconf 81' lang='lat' dir='ltr'><strong>Neapautmibieil.</strong></span> <span class='ocrx_word' id='word_1_47' title='bbox 686 1011 877 1062; x_wconf 87' lang='lat' dir='ltr'><strong>Praetermittam</strong></span> <span class='ocrx_word' id='word_1_48' title='bbox 887 1011 1010 1063; x_wconf 83' lang='lat' dir='ltr'><strong>doctorum</strong></span> <span class='ocrx_word' id='word_1_49' title='bbox 1018 1014 1124 1064; x_wconf 86' lang='lat' dir='ltr'><strong>virorum</strong></span> <span class='ocrx_word' id='word_1_50' title='bbox 1221 1033 1224 1041; x_wconf 94' lang='lat'>·</span> 
     </span>
    </p>
   </div>
   <div class='ocr_carea' id='block_1_5' title="bbox 27 1093 864 1166">
    <p class='ocr_par' dir='ltr' id='par_1_5' title="bbox 27 1093 864 1166">
     <span class='ocr_line' id='line_1_8' title="bbox 27 1093 864 1166; baseline -0.011 -13"><span class='ocrx_word' id='word_1_51' title='bbox 27 1102 172 1166; x_wconf 87' lang='lat' dir='ltr'><strong>eonjeotnras</strong></span> <span class='ocrx_word' id='word_1_52' title='bbox 189 1101 244 1165; x_wconf 88' lang='lat' dir='ltr'><strong>post</strong></span> <span class='ocrx_word' id='word_1_53' title='bbox 260 1095 443 1146; x_wconf 75' lang='lat' dir='ltr'>emendationem</span> <span class='ocrx_word' id='word_1_54' title='bbox 460 1093 635 1144; x_wconf 81' lang='lat' dir='ltr'><strong>Sebueidevini:</strong></span> <span class='ocrx_word' id='word_1_55' title='bbox 654 1095 717 1143; x_wconf 81' lang='lat' dir='ltr'><strong>Naar</strong></span> <span class='ocrx_word' id='word_1_56' title='bbox 733 1093 794 1144; x_wconf 74' lang='lat' dir='ltr'><strong>anibi</strong></span> <span class='ocrx_word' id='word_1_57' title='bbox 809 1110 864 1144; x_wconf 76' lang='lat' dir='ltr'><strong>non.</strong></span> 
     </span>
    </p>
   </div>
   <div class='ocr_carea' id='block_1_6' title="bbox 26 1206 1127 1591">
    <p class='ocr_par' dir='ltr' id='par_1_6' title="bbox 26 1206 1127 1591">
     <span class='ocr_line' id='line_1_9' title="bbox 58 1206 1126 1274; baseline 0 -14"><span class='ocrx_word' id='word_1_58' title='bbox 58 1212 101 1260; x_wconf 81' lang='lat'><strong>24.</strong></span> <span class='ocrx_word' id='word_1_59' title='bbox 135 1209 300 1260; x_wconf 78' lang='lat' dir='ltr'><strong>Lachmannns</strong></span> <span class='ocrx_word' id='word_1_60' title='bbox 322 1207 430 1274; x_wconf 79' lang='lat' dir='ltr'>exponit:</span> <span class='ocrx_word' id='word_1_61' title='bbox 457 1213 483 1256; x_wconf 81' lang='lat' dir='ltr'><strong>ta</strong></span> <span class='ocrx_word' id='word_1_62' title='bbox 504 1222 530 1256; x_wconf 78' lang='lat' dir='ltr'><strong>ee</strong></span> <span class='ocrx_word' id='word_1_63' title='bbox 552 1221 620 1256; x_wconf 75' lang='lat' dir='ltr'><strong>omne</strong></span> <span class='ocrx_word' id='word_1_64' title='bbox 642 1211 781 1256; x_wconf 63' lang='lat' dir='ltr'><strong>muratum</strong></span> <span class='ocrx_word' id='word_1_65' title='bbox 802 1206 912 1257; x_wconf 79' lang='lat' dir='ltr'><strong>hetita&#39;ae</strong></span> <span class='ocrx_word' id='word_1_66' title='bbox 928 1223 1007 1267; x_wconf 78' lang='lat' dir='ltr'><strong>meae,</strong></span> <span class='ocrx_word' id='word_1_67' title='bbox 1024 1209 1085 1258; x_wconf 71' lang='lat' dir='ltr'><strong>oona</strong></span> <span class='ocrx_word' id='word_1_68' title='bbox 1101 1216 1126 1260; x_wconf 80' lang='lat' dir='ltr'><strong>et</strong></span> 
     </span>
     <span class='ocr_line' id='line_1_10' title="bbox 26 1288 1126 1354; baseline -0.002 -10"><span class='ocrx_word' id='word_1_69' title='bbox 26 1296 126 1344; x_wconf 76' lang='lat' dir='ltr'><strong>adverae</strong></span> <span class='ocrx_word' id='word_1_70' title='bbox 142 1297 239 1342; x_wconf 70' lang='lat' dir='ltr'><strong>metrae</strong></span> <span class='ocrx_word' id='word_1_71' title='bbox 255 1289 364 1340; x_wconf 76' lang='lat' dir='ltr'><strong>laetitiae</strong></span> <span class='ocrx_word' id='word_1_72' title='bbox 379 1295 492 1354; x_wconf 81' lang='lat' dir='ltr'><strong>tempora.</strong></span> <span class='ocrx_word' id='word_1_73' title='bbox 511 1291 575 1339; x_wconf 85' lang='lat' dir='ltr'><strong>Nam</strong></span> <span class='ocrx_word' id='word_1_74' title='bbox 589 1293 678 1353; x_wconf 68' lang='lat' dir='ltr'><strong>tempu</strong></span> <span class='ocrx_word' id='word_1_75' title='bbox 692 1288 816 1339; x_wconf 67' lang='lat' dir='ltr'><strong>amandum</strong></span> <span class='ocrx_word' id='word_1_76' title='bbox 832 1292 856 1338; x_wconf 91' lang='lat' dir='ltr'><strong>et</strong></span> <span class='ocrx_word' id='word_1_77' title='bbox 873 1289 994 1340; x_wconf 72' lang='lat' dir='ltr'><strong>eduam</strong></span> <span class='ocrx_word' id='word_1_78' title='bbox 1007 1293 1126 1343; x_wconf 85' lang='lat' dir='ltr'><strong>fortunam</strong></span> 
     </span>
     <span class='ocr_line' id='line_1_11' title="bbox 29 1372 1126 1442; baseline 0 -16"><span class='ocrx_word' id='word_1_79' title='bbox 29 1377 150 1442; x_wconf 80' lang='lat' dir='ltr'><strong>signifieat.</strong></span> <span class='ocrx_word' id='word_1_80' title='bbox 183 1375 334 1424; x_wconf 70' lang='lat' dir='ltr'><strong>Burmannus</strong></span> <span class='ocrx_word' id='word_1_81' title='bbox 355 1372 459 1437; x_wconf 76' lang='lat' dir='ltr'><strong>legabat:</strong></span> <span class='ocrx_word' id='word_1_82' title='bbox 483 1372 564 1422; x_wconf 70' lang='lat' dir='ltr'><strong>onata</strong></span> <span class='ocrx_word' id='word_1_83' title='bbox 580 1376 620 1432; x_wconf 78' lang='lat' dir='ltr'><strong>tu,</strong></span> <span class='ocrx_word' id='word_1_84' title='bbox 643 1377 741 1424; x_wconf 69' lang='lat' dir='ltr'><strong>marae</strong></span> <span class='ocrx_word' id='word_1_85' title='bbox 755 1375 861 1438; x_wconf 84' lang='lat' dir='ltr'><strong>tempore</strong></span> <span class='ocrx_word' id='word_1_86' title='bbox 878 1373 1003 1434; x_wconf 70' lang='lat' dir='ltr'><strong>astutae,</strong></span> <span class='ocrx_word' id='word_1_87' title='bbox 1019 1375 1044 1424; x_wconf 91' lang='lat' dir='ltr'><strong>b.</strong></span> <span class='ocrx_word' id='word_1_88' title='bbox 1061 1391 1080 1425; x_wconf 85' lang='lat' dir='ltr'><strong>o.</strong></span> <span class='ocrx_word' id='word_1_89' title='bbox 1099 1380 1126 1426; x_wconf 88' lang='lat' dir='ltr'><strong>tu</strong></span> 
     </span>
     <span class='ocr_line' id='line_1_12' title="bbox 29 1453 1127 1523; baseline 0 -15"><span class='ocrx_word' id='word_1_90' title='bbox 29 1475 76 1508; x_wconf 85' lang='lat' dir='ltr'><strong>eras</strong></span> <span class='ocrx_word' id='word_1_91' title='bbox 99 1456 159 1507; x_wconf 87' lang='lat' dir='ltr'><strong>mibi</strong></span> <span class='ocrx_word' id='word_1_92' title='bbox 181 1455 272 1514; x_wconf 89' lang='lat' dir='ltr'><strong>omnia,</strong></span> <span class='ocrx_word' id='word_1_93' title='bbox 295 1470 367 1520; x_wconf 88' lang='lat' dir='ltr'><strong>quum</strong></span> <span class='ocrx_word' id='word_1_94' title='bbox 391 1469 444 1504; x_wconf 89' lang='lat' dir='ltr'><strong>mea</strong></span> <span class='ocrx_word' id='word_1_95' title='bbox 465 1469 524 1506; x_wconf 88' lang='lat' dir='ltr'><strong>eras.</strong></span> <span class='ocrx_word' id='word_1_96' title='bbox 557 1454 597 1504; x_wconf 84' lang='lat' dir='ltr'><strong>Sin</strong></span> <span class='ocrx_word' id='word_1_97' title='bbox 620 1453 720 1504; x_wconf 77' lang='lat' dir='ltr'><strong>Ovidius</strong></span> <span class='ocrx_word' id='word_1_98' title='bbox 738 1482 770 1492; x_wconf 85' lang='lat'>-</span> <span class='ocrx_word' id='word_1_99' title='bbox 788 1453 889 1506; x_wconf 83' lang='lat' dir='ltr'><strong>Heroid.</strong></span> <span class='ocrx_word' id='word_1_100' title='bbox 915 1455 980 1508; x_wconf 75' lang='lat' dir='ltr'><strong>lille</strong></span> <span class='ocrx_word' id='word_1_101' title='bbox 1002 1457 1044 1523; x_wconf 75' lang='lat' dir='ltr'><strong>qai</strong></span> <span class='ocrx_word' id='word_1_102' title='bbox 1060 1457 1127 1508; x_wconf 75' lang='lat' dir='ltr'><strong>nolio</strong></span> 
     </span>
     <span class='ocr_line' id='line_1_13' title="bbox 31 1539 264 1591; baseline -0.013 -1"><span class='ocrx_word' id='word_1_103' title='bbox 31 1542 106 1591; x_wconf 76' lang='lat' dir='ltr'><strong>omnia</strong></span> <span class='ocrx_word' id='word_1_104' title='bbox 121 1539 187 1590; x_wconf 74' lang='lat' dir='ltr'><strong>robae</strong></span> <span class='ocrx_word' id='word_1_105' title='bbox 202 1553 264 1588; x_wconf 84' lang='lat' dir='ltr'><strong>erae.</strong></span> 
     </span>
    </p>
   </div>
   <div class='ocr_carea' id='block_1_7' title="bbox 33 1649 1128 1798">
    <p class='ocr_par' dir='ltr' id='par_1_7' title="bbox 33 1649 1128 1798">
     <span class='ocr_line' id='line_1_14' title="bbox 60 1649 1128 1720; baseline 0.001 -16"><span class='ocrx_word' id='word_1_106' title='bbox 60 1655 99 1705; x_wconf 78' lang='grc'><strong>28,</strong></span> <span class='ocrx_word' id='word_1_107' title='bbox 133 1654 208 1703; x_wconf 82' lang='lat' dir='ltr'><strong>Grou</strong></span> <span class='ocrx_word' id='word_1_108' title='bbox 225 1656 250 1701; x_wconf 85' lang='lat' dir='ltr'><strong>et</strong></span> <span class='ocrx_word' id='word_1_109' title='bbox 266 1651 341 1716; x_wconf 89' lang='lat' dir='ltr'><strong>Neap.</strong></span> <span class='ocrx_word' id='word_1_110' title='bbox 359 1650 467 1709; x_wconf 60' lang='lat' dir='ltr'><strong>dadam</strong></span> <span class='ocrx_word' id='word_1_111' title='bbox 485 1650 639 1700; x_wconf 77' lang='lat' dir='ltr'><strong>Bononiensis</strong></span> <span class='ocrx_word' id='word_1_112' title='bbox 656 1654 680 1700; x_wconf 88' lang='lat' dir='ltr'><strong>et</strong></span> <span class='ocrx_word' id='word_1_113' title='bbox 695 1649 827 1702; x_wconf 85' lang='lat' dir='ltr'><strong>Vossianus</strong></span> <span class='ocrx_word' id='word_1_114' title='bbox 835 1651 938 1713; x_wconf 77' lang='lat' dir='ltr'><strong>dabant.</strong></span> <span class='ocrx_word' id='word_1_115' title='bbox 948 1653 1010 1720; x_wconf 87' lang='lat' dir='ltr'><strong>quod</strong></span> <span class='ocrx_word' id='word_1_116' title='bbox 1018 1653 1128 1720; x_wconf 80' lang='lat' dir='ltr'><strong>probarit</strong></span> 
     </span>
     <span class='ocr_line' id='line_1_15' title="bbox 33 1731 692 1798; baseline -0.009 -12"><span class='ocrx_word' id='word_1_117' title='bbox 33 1739 189 1794; x_wconf 88' lang='lat' dir='ltr'><strong>Burmannus,</strong></span> <span class='ocrx_word' id='word_1_118' title='bbox 205 1737 230 1784; x_wconf 87' lang='lat' dir='ltr'><strong>et</strong></span> <span class='ocrx_word' id='word_1_119' title='bbox 246 1732 412 1783; x_wconf 82' lang='lat' dir='ltr'><strong>Lachmauuns</strong></span> <span class='ocrx_word' id='word_1_120' title='bbox 428 1732 453 1781; x_wconf 90' lang='lat' dir='ltr'><strong>in</strong></span> <span class='ocrx_word' id='word_1_121' title='bbox 470 1735 582 1782; x_wconf 84' lang='lat' dir='ltr'><strong>eeutextn</strong></span> <span class='ocrx_word' id='word_1_122' title='bbox 598 1731 692 1798; x_wconf 84' lang='lat' dir='ltr'><strong>recepit.</strong></span> 
     </span>
    </p>
   </div>
   <div class='ocr_carea' id='block_1_8' title="bbox 62 1843 706 1912">
    <p class='ocr_par' dir='ltr' id='par_1_8' title="bbox 62 1843 706 1912">
     <span class='ocr_line' id='line_1_16' title="bbox 62 1843 706 1912; baseline -0.005 -15"><span class='ocrx_word' id='word_1_123' title='bbox 62 1851 100 1897; x_wconf 80' lang='lat'><strong>29.</strong></span> <span class='ocrx_word' id='word_1_124' title='bbox 134 1846 209 1898; x_wconf 77' lang='lat' dir='ltr'><strong>codd</strong></span> <span class='ocrx_word' id='word_1_125' title='bbox 220 1847 340 1912; x_wconf 60' lang='lat' dir='ltr'><strong>ficetum</strong></span> <span class='ocrx_word' id='word_1_126' title='bbox 357 1844 462 1909; x_wconf 77' lang='lat' dir='ltr'><strong>Scaliger</strong></span> <span class='ocrx_word' id='word_1_127' title='bbox 478 1844 584 1911; x_wconf 76' lang='lat' dir='ltr'><strong>reposuit</strong></span> <span class='ocrx_word' id='word_1_128' title='bbox 594 1843 706 1910; x_wconf 74' lang='lat' dir='ltr'><strong>fueraut.</strong></span> 
     </span>
    </p>
   </div>
   <div class='ocr_carea' id='block_1_9' title="bbox 36 1954 1126 2106">
    <p class='ocr_par' dir='ltr' id='par_1_9' title="bbox 36 1954 1126 2106">
     <span class='ocr_line' id='line_1_17' title="bbox 64 1954 1126 2026; baseline 0.001 -17"><span class='ocrx_word' id='word_1_129' title='bbox 64 1961 101 2010; x_wconf 82' lang='lat'><strong>30.</strong></span> <span class='ocrx_word' id='word_1_130' title='bbox 137 1959 209 2024; x_wconf 83' lang='lat' dir='ltr'><strong>Vulg.</strong></span> <span class='ocrx_word' id='word_1_131' title='bbox 227 1957 277 2007; x_wconf 92' lang='lat' dir='ltr'><strong>edd.</strong></span> <span class='ocrx_word' id='word_1_132' title='bbox 295 1957 336 2006; x_wconf 76' lang='lat' dir='ltr'><strong>Ab</strong></span> <span class='ocrx_word' id='word_1_133' title='bbox 347 1960 449 2022; x_wconf 72' lang='lat' dir='ltr'><strong>peram</strong></span> <span class='ocrx_word' id='word_1_134' title='bbox 464 1955 558 2020; x_wconf 76' lang='lat' dir='ltr'><strong>Bajas,</strong></span> <span class='ocrx_word' id='word_1_135' title='bbox 575 1954 665 2004; x_wconf 78' lang='lat' dir='ltr'><strong>crimea</strong></span> <span class='ocrx_word' id='word_1_136' title='bbox 681 1956 782 2016; x_wconf 70' lang='lat' dir='ltr'><strong>amorio,</strong></span> <span class='ocrx_word' id='word_1_137' title='bbox 800 1973 884 2022; x_wconf 82' lang='lat' dir='ltr'><strong>aquae.</strong></span> <span class='ocrx_word' id='word_1_138' title='bbox 911 1958 1126 2026; x_wconf 86' lang='lat' dir='ltr'><strong>Interpuuetiouem</strong></span> 
     </span>
     <span class='ocr_line' id='line_1_18' title="bbox 36 2037 973 2106; baseline 0 -16"><span class='ocrx_word' id='word_1_139' title='bbox 36 2043 132 2103; x_wconf 84' lang='lat' dir='ltr'><strong>mutavi,</strong></span> <span class='ocrx_word' id='word_1_140' title='bbox 149 2056 238 2106; x_wconf 81' lang='lat' dir='ltr'><strong>negans</strong></span> <span class='ocrx_word' id='word_1_141' title='bbox 256 2039 407 2105; x_wconf 82' lang='lat' dir='ltr'><strong>Propertium</strong></span> <span class='ocrx_word' id='word_1_142' title='bbox 424 2037 509 2088; x_wconf 87' lang='lat' dir='ltr'><strong>dixisse</strong></span> <span class='ocrx_word' id='word_1_143' title='bbox 524 2037 605 2102; x_wconf 71' lang='lat' dir='ltr'><strong>Bajas</strong></span> <span class='ocrx_word' id='word_1_144' title='bbox 621 2053 697 2102; x_wconf 76' lang='lat' dir='ltr'><strong>aquae</strong></span> <span class='ocrx_word' id='word_1_145' title='bbox 713 2052 758 2105; x_wconf 89' lang='lat' dir='ltr'><strong>pro</strong></span> <span class='ocrx_word' id='word_1_146' title='bbox 774 2037 881 2104; x_wconf 76' lang='lat' dir='ltr'><strong>Bajasie</strong></span> <span class='ocrx_word' id='word_1_147' title='bbox 897 2039 973 2105; x_wconf 80' lang='lat' dir='ltr'><strong>aquia</strong></span> 
     </span>
    </p>
   </div>
   <div class='ocr_carea' id='block_1_10' title="bbox 365 2299 792 2368">
    <p class='ocr_par' dir='ltr' id='par_1_10' title="bbox 365 2299 792 2368">
     <span class='ocr_line' id='line_1_19' title="bbox 365 2299 792 2368; baseline 0.007 -4"><span class='ocrx_word' id='word_1_148' title='bbox 365 2299 641 2366; x_wconf 80' lang='lat' dir='ltr'><strong>ELEGIA</strong></span> <span class='ocrx_word' id='word_1_149' title='bbox 686 2299 792 2368; x_wconf 88' lang='lat' dir='ltr'>XVII.</span> 
     </span>
    </p>
   </div>
   <div class='ocr_carea' id='block_1_11' title="bbox 464 2477 698 2528">
    <p class='ocr_par' dir='ltr' id='par_1_11' title="bbox 464 2477 698 2528">
     <span class='ocr_line' id='line_1_20' title="bbox 464 2477 698 2528; baseline 0.009 -2"><span class='ocrx_word' id='word_1_150' title='bbox 464 2479 516 2526; x_wconf 79' lang='grc' dir='ltr'><strong>ΔΙ)</strong></span> <span class='ocrx_word' id='word_1_151' title='bbox 539 2477 698 2528; x_wconf 68' lang='grc' dir='ltr'><strong>ΔΙΙΟΙΙΙΙ.</strong></span> 
     </span>
    </p>
   </div>
   <div class='ocr_carea' id='block_1_12' title="bbox 321 2622 838 2686">
    <p class='ocr_par' dir='ltr' id='par_1_12' title="bbox 321 2622 838 2686">
     <span class='ocr_line' id='line_1_21' title="bbox 321 2622 838 2686; baseline 0 -14"><span class='ocrx_word' id='word_1_152' title='bbox 321 2623 403 2686; x_wconf 83' lang='lat' dir='ltr'><strong>(cndd.</strong></span> <span class='ocrx_word' id='word_1_153' title='bbox 426 2623 531 2672; x_wconf 82' lang='lat' dir='ltr'><strong>Burman</strong></span> <span class='ocrx_word' id='word_1_154' title='bbox 554 2623 599 2682; x_wconf 75' lang='lat'><strong>12,</strong></span> <span class='ocrx_word' id='word_1_155' title='bbox 621 2623 719 2673; x_wconf 59' lang='lat' dir='ltr'><strong>Lanlrm·</strong></span> <span class='ocrx_word' id='word_1_156' title='bbox 744 2623 788 2682; x_wconf 88' lang='grc'><strong>13,</strong></span> <span class='ocrx_word' id='word_1_157' title='bbox 806 2622 838 2683; x_wconf 91' lang='grc' dir='ltr'><strong>Ι.)</strong></span> 
     </span>
    </p>
   </div>
   <div class='ocr_carea' id='block_1_13' title="bbox 73 2780 1098 3340">
    <p class='ocr_par' dir='ltr' id='par_1_13' title="bbox 73 2780 1098 3340">
     <span class='ocr_line' id='line_1_22' title="bbox 73 2780 1096 2848; baseline 0.002 -18"><span class='ocrx_word' id='word_1_158' title='bbox 73 2783 163 2832; x_wconf 76' lang='lat' dir='ltr'><strong>dminus</strong></span> <span class='ocrx_word' id='word_1_159' title='bbox 189 2782 341 2848; x_wconf 81' lang='lat' dir='ltr'><strong>Propertium</strong></span> <span class='ocrx_word' id='word_1_160' title='bbox 363 2781 448 2846; x_wconf 82' lang='lat' dir='ltr'><strong>pnngit</strong></span> <span class='ocrx_word' id='word_1_161' title='bbox 469 2780 531 2846; x_wconf 90' lang='lat' dir='ltr'><strong>quod</strong></span> <span class='ocrx_word' id='word_1_162' title='bbox 555 2780 694 2830; x_wconf 82' lang='lat' dir='ltr'><strong>incuriosius</strong></span> <span class='ocrx_word' id='word_1_163' title='bbox 718 2782 807 2832; x_wconf 87' lang='lat' dir='ltr'><strong>Romae</strong></span> <span class='ocrx_word' id='word_1_164' title='bbox 829 2784 946 2840; x_wconf 90' lang='lat' dir='ltr'><strong>moretur,</strong></span> <span class='ocrx_word' id='word_1_165' title='bbox 974 2783 1096 2848; x_wconf 84' lang='lat' dir='ltr'><strong>Cupidinis</strong></span> 
     </span>
     <span class='ocr_line' id='line_1_23' title="bbox 102 2861 1096 2928; baseline 0.003 -16"><span class='ocrx_word' id='word_1_166' title='bbox 102 2864 166 2912; x_wconf 89' lang='lat' dir='ltr'><strong>olavo</strong></span> <span class='ocrx_word' id='word_1_167' title='bbox 183 2863 282 2914; x_wconf 84' lang='lat' dir='ltr'><strong>adfixus.</strong></span> <span class='ocrx_word' id='word_1_168' title='bbox 308 2863 331 2910; x_wconf 92' lang='lat' dir='ltr'>N</span> <span class='ocrx_word' id='word_1_169' title='bbox 334 2866 388 2928; x_wconf 82' lang='lat' dir='ltr'><strong>egat</strong></span> <span class='ocrx_word' id='word_1_170' title='bbox 404 2865 485 2928; x_wconf 84' lang='lat' dir='ltr'><strong>poeta:</strong></span> <span class='ocrx_word' id='word_1_171' title='bbox 503 2863 644 2927; x_wconf 81' lang='lat' dir='ltr'><strong>quamquam</strong></span> <span class='ocrx_word' id='word_1_172' title='bbox 661 2861 765 2926; x_wconf 83' lang='lat' dir='ltr'><strong>Cynthia</strong></span> <span class='ocrx_word' id='word_1_173' title='bbox 781 2863 870 2913; x_wconf 88' lang='lat' dir='ltr'><strong>Romae</strong></span> <span class='ocrx_word' id='word_1_174' title='bbox 886 2867 934 2922; x_wconf 83' lang='lat' dir='ltr'><strong>eat,</strong></span> <span class='ocrx_word' id='word_1_175' title='bbox 950 2867 1016 2914; x_wconf 87' lang='lat' dir='ltr'><strong>tanto</strong></span> <span class='ocrx_word' id='word_1_176' title='bbox 1031 2881 1045 2913; x_wconf 91' lang='lat' dir='ltr'><strong>a</strong></span> <span class='ocrx_word' id='word_1_177' title='bbox 1058 2879 1096 2916; x_wconf 89' lang='lat' dir='ltr'><strong>ma</strong></span> 
     </span>
     <span class='ocr_line' id='line_1_24' title="bbox 102 2943 1096 3012; baseline 0.004 -18"><span class='ocrx_word' id='word_1_178' title='bbox 102 2946 243 3012; x_wconf 82' lang='lat' dir='ltr'><strong>disjungitur</strong></span> <span class='ocrx_word' id='word_1_179' title='bbox 250 2944 389 3003; x_wconf 83' lang='lat' dir='ltr'><strong>intervallo,</strong></span> <span class='ocrx_word' id='word_1_180' title='bbox 402 2948 490 3009; x_wconf 86' lang='lat' dir='ltr'><strong>quanto</strong></span> <span class='ocrx_word' id='word_1_181' title='bbox 500 2944 622 3010; x_wconf 78' lang='lat' dir='ltr'><strong>Hypanis,</strong></span> <span class='ocrx_word' id='word_1_182' title='bbox 637 2943 746 3008; x_wconf 87' lang='lat' dir='ltr'><strong>Soytbiaa</strong></span> <span class='ocrx_word' id='word_1_183' title='bbox 754 2945 853 3004; x_wconf 83' lang='lat' dir='ltr'><strong>durius,</strong></span> <span class='ocrx_word' id='word_1_184' title='bbox 867 2945 940 2998; x_wconf 87' lang='lat' dir='ltr'><strong>distat</strong></span> <span class='ocrx_word' id='word_1_185' title='bbox 948 2946 977 2996; x_wconf 91' lang='lat' dir='ltr'><strong>ab</strong></span> <span class='ocrx_word' id='word_1_186' title='bbox 985 2947 1096 2998; x_wconf 79' lang='lat' dir='ltr'><strong>Eridano.</strong></span> 
     </span>
     <span class='ocr_line' id='line_1_25' title="bbox 103 3027 1097 3096; baseline 0.006 -22"><span class='ocrx_word' id='word_1_187' title='bbox 103 3027 166 3076; x_wconf 91' lang='lat' dir='ltr'><strong>Olim</strong></span> <span class='ocrx_word' id='word_1_188' title='bbox 188 3030 270 3092; x_wconf 77' lang='lat' dir='ltr'><strong>gratus</strong></span> <span class='ocrx_word' id='word_1_189' title='bbox 292 3027 313 3076; x_wconf 90' lang='lat' dir='ltr'><strong>ei</strong></span> <span class='ocrx_word' id='word_1_190' title='bbox 335 3029 400 3085; x_wconf 89' lang='lat' dir='ltr'><strong>erat;</strong></span> <span class='ocrx_word' id='word_1_191' title='bbox 419 3043 481 3076; x_wconf 90' lang='lat' dir='ltr'><strong>nune</strong></span> <span class='ocrx_word' id='word_1_192' title='bbox 498 3031 535 3076; x_wconf 91' lang='lat' dir='ltr'><strong>ast</strong></span> <span class='ocrx_word' id='word_1_193' title='bbox 550 3027 681 3092; x_wconf 84' lang='lat' dir='ltr'><strong>despectus.</strong></span> <span class='ocrx_word' id='word_1_194' title='bbox 697 3056 731 3064; x_wconf 97' lang='lat'>—</span> <span class='ocrx_word' id='word_1_195' title='bbox 749 3027 814 3078; x_wconf 91' lang='lat' dir='ltr'><strong>Male</strong></span> <span class='ocrx_word' id='word_1_196' title='bbox 829 3029 890 3078; x_wconf 88' lang='lat' dir='ltr'><strong>hane</strong></span> <span class='ocrx_word' id='word_1_197' title='bbox 907 3045 961 3078; x_wconf 90' lang='lat' dir='ltr'><strong>oum</strong></span> <span class='ocrx_word' id='word_1_198' title='bbox 978 3030 1097 3096; x_wconf 89' lang='lat' dir='ltr'><strong>superiore</strong></span> 
     </span>
     <span class='ocr_line' id='line_1_26' title="bbox 104 3109 1098 3180; baseline 0.007 -21"><span class='ocrx_word' id='word_1_199' title='bbox 104 3109 199 3160; x_wconf 83' lang='lat' dir='ltr'><strong>Godioes</strong></span> <span class='ocrx_word' id='word_1_200' title='bbox 214 3109 373 3174; x_wconf 74' lang='lat' dir='ltr'><strong>conjungunt5</strong></span> <span class='ocrx_word' id='word_1_201' title='bbox 387 3127 429 3160; x_wconf 88' lang='lat' dir='ltr'><strong>nee</strong></span> <span class='ocrx_word' id='word_1_202' title='bbox 443 3112 530 3161; x_wconf 86' lang='lat' dir='ltr'><strong>rectius</strong></span> <span class='ocrx_word' id='word_1_203' title='bbox 544 3112 693 3162; x_wconf 84' lang='lat' dir='ltr'><strong>Burmannus</strong></span> <span class='ocrx_word' id='word_1_204' title='bbox 707 3111 843 3162; x_wconf 85' lang='lat' dir='ltr'><strong>autumabat</strong></span> <span class='ocrx_word' id='word_1_205' title='bbox 857 3115 1014 3180; x_wconf 70' lang='lat' dir='ltr'><strong>consumptam</strong></span> <span class='ocrx_word' id='word_1_206' title='bbox 1025 3116 1098 3166; x_wconf 75' lang='lat' dir='ltr'><strong>furiose</strong></span> 
     </span>
     <span class='ocr_line' id='line_1_27' title="bbox 105 3192 1097 3260; baseline 0.009 -19"><span class='ocrx_word' id='word_1_207' title='bbox 105 3192 133 3240; x_wconf 86' lang='lat' dir='ltr'><strong>ad</strong></span> <span class='ocrx_word' id='word_1_208' title='bbox 153 3193 266 3252; x_wconf 87' lang='lat' dir='ltr'><strong>amioum,</strong></span> <span class='ocrx_word' id='word_1_209' title='bbox 289 3193 331 3257; x_wconf 91' lang='lat' dir='ltr'><strong>qui</strong></span> <span class='ocrx_word' id='word_1_210' title='bbox 353 3193 478 3260; x_wconf 89' lang='lat' dir='ltr'><strong>Propertio</strong></span> <span class='ocrx_word' id='word_1_211' title='bbox 498 3192 680 3259; x_wconf 84' lang='lat' dir='ltr'><strong>exprobraverat</strong></span> <span class='ocrx_word' id='word_1_212' title='bbox 696 3195 758 3260; x_wconf 87' lang='lat' dir='ltr'><strong>qnod</strong></span> <span class='ocrx_word' id='word_1_213' title='bbox 774 3197 905 3248; x_wconf 81' lang='lat' dir='ltr'><strong>moraretur</strong></span> <span class='ocrx_word' id='word_1_214' title='bbox 922 3197 1024 3259; x_wconf 87' lang='lat' dir='ltr'><strong>Romae,</strong></span> <span class='ocrx_word' id='word_1_215' title='bbox 1040 3199 1097 3250; x_wconf 86' lang='lat' dir='ltr'><strong>dnm</strong></span> 
     </span>
     <span class='ocr_line' id='line_1_28' title="bbox 105 3274 585 3340; baseline 0.006 -17"><span class='ocrx_word' id='word_1_216' title='bbox 105 3274 206 3339; x_wconf 83' lang='lat' dir='ltr'><strong>Cynthia</strong></span> <span class='ocrx_word' id='word_1_217' title='bbox 222 3274 287 3338; x_wconf 82' lang='lat' dir='ltr'><strong>Bajis</strong></span> <span class='ocrx_word' id='word_1_218' title='bbox 304 3275 371 3340; x_wconf 85' lang='lat' dir='ltr'><strong>genio</strong></span> <span class='ocrx_word' id='word_1_219' title='bbox 388 3291 430 3325; x_wconf 92' lang='lat' dir='ltr'><strong>sno</strong></span> <span class='ocrx_word' id='word_1_220' title='bbox 446 3274 585 3340; x_wconf 83' lang='lat' dir='ltr'><strong>indulgeret.</strong></span> 
     </span>
    </p>
   </div>
   <div class='ocr_carea' id='block_1_14' title="bbox 111 3430 960 3822">
    <p class='ocr_par' dir='ltr' id='par_1_14' title="bbox 111 3430 960 3822">
     <span class='ocr_line' id='line_1_29' title="bbox 111 3430 960 3520; baseline 0.009 -28"><span class='ocrx_word' id='word_1_221' title='bbox 111 3443 114 3450; x_wconf 89' lang='grc'><strong><em>’</em></strong></span> <span class='ocrx_word' id='word_1_222' title='bbox 158 3430 237 3506; x_wconf 77' lang='lat' dir='ltr'><strong>Quid</strong></span> <span class='ocrx_word' id='word_1_223' title='bbox 256 3433 331 3494; x_wconf 92' lang='lat' dir='ltr'><strong>mihi</strong></span> <span class='ocrx_word' id='word_1_224' title='bbox 350 3435 483 3496; x_wconf 84' lang='lat' dir='ltr'><strong>desidiae</strong></span> <span class='ocrx_word' id='word_1_225' title='bbox 503 3454 562 3497; x_wconf 94' lang='lat' dir='ltr'><strong>non</strong></span> <span class='ocrx_word' id='word_1_226' title='bbox 582 3453 681 3497; x_wconf 87' lang='lat' dir='ltr'><strong>oossaa</strong></span> <span class='ocrx_word' id='word_1_227' title='bbox 702 3435 812 3513; x_wconf 86' lang='lat' dir='ltr'><strong>fingere</strong></span> <span class='ocrx_word' id='word_1_228' title='bbox 833 3439 960 3520; x_wconf 74' lang='lat' dir='ltr'><strong>odmen,</strong></span> 
     </span>
     <span class='ocr_line' id='line_1_30' title="bbox 198 3537 922 3616; baseline 0.006 -17"><span class='ocrx_word' id='word_1_229' title='bbox 198 3537 284 3613; x_wconf 77' lang='lat' dir='ltr'><strong>Quod</strong></span> <span class='ocrx_word' id='word_1_230' title='bbox 303 3537 393 3600; x_wconf 88' lang='lat' dir='ltr'><strong>faeiat</strong></span> <span class='ocrx_word' id='word_1_231' title='bbox 413 3538 497 3600; x_wconf 93' lang='lat' dir='ltr'><strong>nobis</strong></span> <span class='ocrx_word' id='word_1_232' title='bbox 518 3537 647 3616; x_wconf 78' lang='lat' dir='ltr'><strong>Cynthia</strong></span> <span class='ocrx_word' id='word_1_233' title='bbox 668 3558 767 3601; x_wconf 88' lang='lat' dir='ltr'><strong>amore</strong></span> <span class='ocrx_word' id='word_1_234' title='bbox 786 3541 922 3603; x_wconf 77' lang='lat' dir='ltr'><strong>moram?</strong></span> 
     </span>
     <span class='ocr_line' id='line_1_31' title="bbox 159 3640 901 3724; baseline 0.007 -24"><span class='ocrx_word' id='word_1_235' title='bbox 159 3640 235 3701; x_wconf 82' lang='lat' dir='ltr'><strong>Tam</strong></span> <span class='ocrx_word' id='word_1_236' title='bbox 255 3641 348 3702; x_wconf 90' lang='lat' dir='ltr'><strong>multe</strong></span> <span class='ocrx_word' id='word_1_237' title='bbox 368 3641 421 3702; x_wconf 90' lang='lat' dir='ltr'><strong>illa</strong></span> <span class='ocrx_word' id='word_1_238' title='bbox 441 3659 507 3702; x_wconf 93' lang='lat' dir='ltr'><strong>meo</strong></span> <span class='ocrx_word' id='word_1_239' title='bbox 523 3641 620 3702; x_wconf 86' lang='lat' dir='ltr'><strong>divisa</strong></span> <span class='ocrx_word' id='word_1_240' title='bbox 640 3646 686 3703; x_wconf 84' lang='lat' dir='ltr'><strong>eet</strong></span> <span class='ocrx_word' id='word_1_241' title='bbox 701 3643 791 3704; x_wconf 89' lang='lat' dir='ltr'><strong>milia</strong></span> <span class='ocrx_word' id='word_1_242' title='bbox 811 3644 901 3724; x_wconf 83' lang='lat' dir='ltr'><strong>lecto,</strong></span> 
     </span>
     <span class='ocr_line' id='line_1_32' title="bbox 199 3742 939 3822; baseline 0.009 -19"><span class='ocrx_word' id='word_1_243' title='bbox 199 3742 348 3818; x_wconf 78' lang='lat' dir='ltr'><strong>Quantum</strong></span> <span class='ocrx_word' id='word_1_244' title='bbox 367 3745 503 3822; x_wconf 89' lang='lat' dir='ltr'><strong>Hypanis</strong></span> <span class='ocrx_word' id='word_1_245' title='bbox 523 3745 637 3807; x_wconf 90' lang='lat' dir='ltr'><strong>Veneto</strong></span> <span class='ocrx_word' id='word_1_246' title='bbox 657 3745 782 3808; x_wconf 87' lang='lat' dir='ltr'><strong>dissidet</strong></span> <span class='ocrx_word' id='word_1_247' title='bbox 800 3747 939 3810; x_wconf 82' lang='lat' dir='ltr'><strong>Eridano.</strong></span> 
     </span>
    </p>
   </div>
   <div class='ocr_carea' id='block_1_15' title="bbox 0 0 1339 4400">
    <p class='ocr_par' dir='ltr' id='par_1_15' title="bbox 0 0 1339 4400">
     <span class='ocr_line' id='line_1_33' title="bbox 0 0 1339 4400; baseline 0 0"><span class='ocrx_word' id='word_1_248' title='bbox 0 0 1339 4400; x_wconf 95' lang='lat' dir='ltr'><strong> </strong></span> 
     </span>
    </p>
   </div>
  </div>
 </body>
</html>
