2642 4396
586 355 642 414 231

191 531 258 591 Una
277 528 529 606 Clytaemnestrae
550 519 681 604 stuprum
700 525 799 604 vehit,
821 543 937 602 unaque
958 526 1082 588 Cressae

229 633 331 692 Portat
350 630 489 690 mentitae
511 630 610 706 lignea
630 634 760 692 monstra
779 629 873 690 bovis.

188 735 265 796 Ecce
285 738 421 795 coronato
441 752 510 812 pare
531 729 625 794 altera
644 739 730 794 vecta
750 733 888 812 phaselo,
1123 731 1161 792 65

228 837 338 919 Mulcet
357 837 408 897 ubi
428 835 548 912 Elysias
569 854 641 896 aura
660 836 749 897 beata
768 855 865 915 rosas3

190 938 257 1013 Qua
276 956 432 1000 numerosa
451 937 540 1017 fides,
562 955 678 1015 quaque
699 957 769 1000 aera
789 939 914 1000 rotunda
933 937 1084 1018 Cybebes,

229 1041 415 1117 Mitratisque
436 1045 541 1100 sonant
561 1040 660 1117 Lydia
679 1043 793 1118 plectra
813 1041 919 1102 choris.
1034 1045 1037 1052 '

189 1143 433 1220 Andromedeque
455 1148 484 1204 et
504 1145 734 1222 Hypermnestre
756 1147 819 1206 eine
839 1145 942 1207 fraude
962 1147 1086 1207 maritae

229 1250 374 1327 Narrant,
396 1247 536 1310 historiae
557 1249 681 1326 pignora
700 1254 770 1310 nota
790 1269 871 1311 suae.
1124 1251 1164 1311 70

190 1349 272 1410 Haec
293 1367 347 1410 sua
366 1350 507 1412 maternis
527 1350 659 1426 queritur
679 1351 772 1410 livere
792 1351 904 1412 catenis

231 1452 374 1531 Brachia,
395 1471 449 1514 neo
470 1454 590 1514 meritas
610 1453 719 1529 frigida
740 1472 815 1514 saxa
835 1472 947 1515 manus.

190 1557 300 1616 Narrat
319 1557 531 1632 Hypermestre
551 1574 690 1631 magnum
711 1573 799 1616 ausas
821 1575 885 1617 esee
906 1573 1034 1618 sorores:

229 1660 264 1718 In
284 1659 379 1718 scelus
400 1657 455 1718 hoc
476 1659 605 1718 animum
626 1678 684 1719 non
705 1661 833 1720 valuisse
854 1679 947 1720 suum.

190 1760 240 1821 Sic
259 1761 360 1820 mortis
381 1761 510 1820 lacrimis
530 1761 610 1821 vitae
631 1779 769 1822 sanamus
790 1782 920 1824 amores:
1125 1764 1162 1824 75

230 1861 300 1922 Oelo
321 1879 376 1938 ego
396 1862 536 1937 perfidiae
557 1863 679 1923 crimina
699 1865 792 1924 multa
811 1869 889 1925 tuae.

189 1967 276 2026 Nunc
295 1970 325 2026 te
345 1966 516 2042 possideant
536 1967 630 2028 aliae:
652 1986 720 2028 mox
741 1969 804 2028 sola
823 1969 944 2028 tenebo:

229 2069 343 2128 Mecum
364 2068 437 2146 eris,
460 2073 489 2128 et
509 2069 611 2129 mixtis
631 2070 746 2130 ossibus
767 2087 834 2130 cesa
853 2074 955 2130 teram.

190 2169 249 2232 Sed
269 2171 324 2231 tibi
344 2189 421 2231 nunc
441 2173 581 2232 mandata
601 2173 720 2252 damna,
741 2174 767 2234 si
787 2174 861 2235 forte
881 2172 1023 2253 moveris,

230 2274 262 2334 Si
282 2278 313 2336 te
332 2294 391 2336 non
411 2279 502 2336 totum
524 2275 648 2337 Doridos
669 2277 762 2336 herba
781 2282 870 2338 tenet.
1124 2278 1164 2337 80

189 2379 300 2438 Nutrix
320 2379 352 2438 in
372 2379 505 2438 tremulis
525 2397 563 2438 ne
583 2380 656 2455 quid
676 2381 824 2441 desideret
844 2381 928 2442 annis

229 2480 403 2542 Parthenie:
424 2482 535 2560 patuit,
556 2499 610 2541 nec
631 2482 686 2542 tibi
707 2502 796 2543 avara
816 2483 881 2544 fuit.

190 2585 380 2660 Deliciaeque
402 2601 485 2643 meae
506 2583 621 2662 Latris,
644 2585 691 2646 cui
712 2604 818 2646 nomen
839 2587 876 2646 ab
897 2605 952 2647 usu
973 2590 1033 2666 est,

228 2689 275 2748 Ne
296 2688 445 2765 speculum
466 2687 601 2749 dominae
621 2690 752 2766 porrigat
772 2690 825 2749 illa
845 2708 948 2751 novae.
984 2743 985 2747 ,

189 2791 230 2852 llt
248 2808 444 2869 quoscumque
465 2811 529 2854 meo
550 2795 646 2856 fecisti
666 2796 782 2856 nomine
802 2813 921 2874 versus,
1122 2792 1160 2852 85

231 2894 291 2954 Ure
311 2895 402 2955 mihi:
423 2898 527 2957 laudes
547 2897 649 2958 desine
670 2897 779 2959 hahere
800 2916 890 2958 meas.

189 2997 273 3060 Pelle
293 2999 433 3061 hederam
454 3003 582 3078 tumulo,
604 3000 677 3061 mihi
698 3019 773 3078 quae
794 3005 943 3079 pugnante
963 2999 1100 3077 corymbo

228 3101 330 3162 Mollia
351 3104 489 3164 contortis
510 3103 624 3180 adligat
644 3123 713 3165 ossa
732 3105 831 3165 comis.

116 3275 119 3282 1
190 3204 323 3266 Pomosie
343 3205 420 3268 Anio
441 3225 499 3283 qua
519 3209 661 3285 spumifer
680 3210 799 3270 incubat
819 3211 914 3288 arvis,

230 3307 271 3366 Et
290 3326 449 3385 numquam
469 3310 615 3371 Herculeo
635 3313 754 3372 numine
774 3313 867 3389 pallet
888 3312 975 3390 ebur,
1127 3315 1167 3376 90

190 3408 246 3470 Hic
268 3427 385 3473 carmen
406 3413 504 3473 media
525 3415 645 3491 dignum
666 3434 712 3476 me
733 3416 828 3476 scribe
849 3416 1000 3494 columna,

231 3510 291 3572 Sed
310 3514 416 3595 breve,
437 3515 516 3592 quod
536 3535 655 3578 currens
676 3522 776 3579 vector
795 3518 832 3577 ab
854 3518 926 3577 urbe
947 3516 1045 3592 legat:

190 3613 245 3674 llic
269 3615 422 3679 Tiburtino
436 3620 516 3696 jacet
537 3637 627 3681 aureo
651 3605 777 3698 Cynthio
800 3629 897 3682 terro:

231 3719 358 3780 ,decessit
378 3720 461 3798 ripae
483 3721 564 3802 lucr,
586 3723 709 3804 Arriaca,
732 3725 834 3786 tuae.''
856 3757 894 3768 -
