2624 4398
562 365 601 426 53

155 540 215 602 Sed
234 558 293 602 nou
313 539 451 616 effugies!
471 557 585 601 mecum
605 541 741 602 moriaris
760 543 891 620 oportet:

193 643 258 704 Hoc
278 643 380 704 eodem
401 642 477 704 ferro
497 644 590 706 stillet
609 648 733 722 uterque
754 663 847 707 cruor.

155 745 298 820 Quamvis
318 747 377 806 ista
396 746 470 807 mihi
490 764 568 808 mors
590 751 635 810 est
656 748 812 811 inhonesta
830 748 945 828 futura,

192 841 272 911 Mors
292 848 448 910 inhonesta
468 850 602 930 quidem,
623 856 657 913 tu
677 852 802 914 moriere
821 856 930 914 tamem
1092 855 1131 914 10
1196 889 1199 896 ·
1307 849 1308 858 ’

153 1054 257 1130 Quid?
278 1074 337 1117 uon
358 1055 520 1132 Antigones
540 1059 652 1118 tumulo
673 1057 812 1120 Boeotius
831 1058 965 1120 Haemon

192 1158 308 1220 Corruit
327 1159 391 1237 ipsc
412 1177 465 1222 suo
486 1161 603 1222 saucius
625 1179 695 1223 ense
717 1163 812 1242 latus,

151 1263 191 1322 Et
211 1280 266 1322 sua
284 1279 351 1323 oum
371 1263 497 1323 miserae
517 1263 688 1341 permiscuit
709 1281 776 1326 ossa
797 1266 932 1344 puellae,

192 1363 260 1439 Qua
278 1363 343 1425 sine
363 1363 538 1426 Thebanam
558 1367 654 1428 noluit
673 1367 717 1428 ire
738 1367 880 1429 domum?

150 1573 219 1634 Non
239 1573 277 1633 ob
296 1590 388 1649 regna
407 1573 504 1649 magis
525 1573 601 1634 diris
621 1573 756 1635 cecidere
776 1573 832 1635 snb
853 1573 943 1634 armis
1091 1573 1128 1634 15

192 1676 345 1760 Thebani,
366 1678 465 1738 medis
486 1697 544 1740 non
566 1679 629 1738 sine
650 1682 761 1757 matre,
783 1678 890 1756 duces,

153 1777 266 1857 Quam,
287 1778 361 1839 mihi
381 1780 409 1841 si
429 1781 526 1841 media
546 1780 636 1840 liceat
657 1797 788 1858 pugnare
809 1779 926 1867 puella,

191 1882 315 1943 Mortem
336 1901 391 1960 ego
410 1902 469 1945 non
489 1884 600 1962 ingiam
621 1891 714 1946 morte
735 1885 836 1946 subire
855 1889 916 1945 tna

59 2012 102 2063 11.
139 2013 283 2079 Antigonam
300 2015 407 2064 Creontis
422 2015 489 2079 jussu
505 2015 652 2065 interiectum
668 2015 740 2065 fuisse
757 2031 825 2065 nemo
841 2014 922 2064 nascit.
939 2014 1036 2065 Diverso
1052 2016 1130 2063 temen

25 2095 143 2160 Hyginus
159 2099 268 2145 eventum
284 2098 409 2148 memoriae
425 2098 541 2164 prodidit,
565 2099 603 2163 qni
621 2102 702 2151 narrat
722 2100 890 2148 uHaemonem
907 2099 971 2147 sset
988 2095 1130 2161 Antigonam

25 2178 152 2243 conjugem
173 2177 322 2229 interfecisse.
334 2203 345 2223 o
372 2179 509 2246 Propertius
532 2181 606 2246 igitur
628 2185 718 2232 veteres
736 2180 873 2246 scriptores,
897 2193 996 2244 quornm
1013 2192 1084 2244 opere
1100 2176 1130 2225 od

24 2275 66 2309 nos
93 2275 144 2310 non
169 2263 337 2325 pervenerunt,
361 2265 453 2311 secutus
476 2264 526 2320 est;
549 2262 595 2312 hoo
617 2264 694 2312 tamen
718 2261 851 2312 discrimine
873 2259 1045 2324 (animadvertit
1067 2258 1129 2307 Bur-

26 2344 137 2401 mannus)
160 2345 187 2390 ut
205 2343 313 2391 Haemon
330 2343 416 2409 pietete
433 2347 456 2393 et
473 2360 552 2393 amore
567 2343 651 2393 ductus
668 2359 746 2393 necem
763 2343 905 2409 patraverit,
922 2359 951 2392 ne
967 2341 1022 2392 rivo
1037 2341 1129 2391 tumulo

27 2425 168 2474 conderetur
193 2424 322 2485 Antigono,
348 2424 485 2490 Propertius
511 2441 566 2475 vero
594 2425 709 2491 Cynthiae
733 2429 833 2475 mortsm
853 2425 989 2483 minitetur,
1014 2423 1131 2474 vindictae

27 2524 95 2558 causa
113 2509 214 2574 propter
229 2506 327 2556 rivalem
343 2506 386 2556 sibi
404 2507 542 2572 praelatum.

59 2598 101 2648 15.
138 2599 192 2647 Duo
215 2600 333 2663 postrema
353 2598 453 2648 disticha
476 2599 573 2648 Codices
596 2598 710 2648 collocant
726 2599 751 2647 in
774 2599 820 2648 due
836 2597 921 2663 elegiae
939 2597 1036 2656 XXVI,
1054 2611 1069 2646 a
1084 2608 1130 2660 qne

29 2681 106 2732 critici
125 2680 265 2730 recentiores
278 2679 329 2744 jam
345 2680 515 2744 disjunxerunt.

366 2864 641 2932 saucio
686 2863 795 2930 XXX.

467 2999 518 3046 ΑΙ)
534 2997 694 3046 AMICUM.

302 3098 384 3161 (codd.
411 3097 441 3156 8,
467 3097 550 3146 Burm.
577 3098 605 3155 7,
632 3096 729 3146 Lachm.
755 3095 783 3155 8,
811 3095 857 3154 ΙΙ.)

114 3213 146 3262 In
163 3211 246 3278 pn'mis
263 3214 364 3277 quotuor
380 3208 485 3260 versibus
502 3208 591 3259 smious
607 3207 760 3274 Propertium
776 3205 915 3272 elloquitnr3
932 3202 1047 3270 reliquum

357 3308 449 3342 carmen
466 3296 547 3358 poetes
564 3306 674 3358 response
690 3289 801 3340 continet.
841 3365 843 3372 ,

118 3453 121 3463 ·
154 3427 290 3506 ,Omnia
308 3433 478 3491 vertuntur:
500 3433 579 3490 certe
599 3431 753 3488 vertuntur
773 3441 902 3487 amores:

195 3533 372 3617 „Vinceris,
394 3537 445 3592 aut
465 3532 576 3611 vinois3
597 3531 673 3592 haec
694 3531 725 3590 in
746 3546 844 3589 amore
864 3531 929 3588 rota
949 3528 1003 3588 est.

155 3634 283 3712 „Magni
304 3653 393 3713 saepe
414 3635 519 3715 duces,
541 3634 641 3712 magni
662 3633 793 3694 cecidero
814 3629 947 3708 tyranni,

193 3737 262 3828 ,nt
282 3736 405 3800 Thebae
427 3741 586 3818 steterunt,
607 3739 727 3813 altaque
747 3734 839 3812 Troja
859 3731 943 3792 fnit.”
963 3763 1003 3775 -
