2624 4398
287 528 406 592 Irniteto
426 531 523 612 venit,
544 532 662 610 quando
682 535 878 596 eontemnitur
897 535 966 614 ills,

262 684 264 690 .
326 631 390 692 Neo
409 621 543 696 meminit
557 636 656 715 justos
675 653 784 714 ponere
803 638 887 700 laeso
906 638 1010 701 minos.

287 727 445 798 lienduoes
465 736 571 799 ludunt
590 735 679 800 flotus
699 740 730 800 in
750 757 849 802 amore
869 740 1007 803 secundi:

325 834 360 897 Si
379 855 439 915 qus
457 841 540 901 venit
559 837 641 922 sero,
662 857 770 920 magne
789 839 876 904 ruins
894 845 987 905 venit

287 939 335 1004 An
354 941 512 1020 quiessem
531 944 563 1006 iu
582 945 689 1008 mediis
709 946 851 1025 persolvit
870 950 941 1008 vote
959 946 1115 1026 proeellis,

325 1043 400 1106 (ium
420 1053 511 1125 s'oepo
529 1048 561 1107 in
580 1053 668 1126 portu
686 1049 782 1112 traete
801 1050 902 1112 oasim
914 1048 1029 1134 *noteti’

212 1233 216 1240 ι
285 1148 346 1212 Aut
364 1150 448 1228 prius
468 1150 575 1214 infesto
596 1152 729 1232 deposuit
747 1154 884 1232 praemia
900 1171 1003 1235 eursu,

326 1251 460 1331 Septima
478 1272 567 1332 quum
587 1255 697 1318 metam
716 1257 833 1318 triverit
851 1261 921 1318 ente
940 1255 1029 1319 rota?

286 1353 429 1431 Quamvis
450 1361 479 1420 te
498 1376 642 1437 persaepe
660 1364 761 1440 voest,
781 1361 921 1424 simulare
942 1365 1106 1424 memento:

327 1460 472 1522 Invidiam
493 1463 573 1539 qnod
591 1462 698 1544 hebet,
718 1465 873 1527 non-solet
892 1482 959 1526 esse
978 1465 1040 1527 diu.

287 1563 337 1624 Tu
356 1569 456 1628 temen
476 1565 606 1646 intereo,
626 1567 762 1642 quemvis
781 1571 811 1630 te
832 1567 939 1645 diliget
958 1566 1029 1648 ills,

329 1668 364 1730 In
384 1668 474 1731 taeito
495 1668 599 1731 cohibe
618 1669 729 1746 gaudis
747 1671 851 1732 olnuss
868 1670 947 1732 sinu.

287 1771 424 1850 Namque
444 1773 477 1834 in
496 1789 595 1834 amore
615 1791 668 1835 suo
687 1789 804 1852 semper
823 1791 878 1836 sus
896 1773 1028 1835 maximo
1046 1773 1157 1851 unique

326 1877 435 1938 Nesoio
456 1894 515 1954 quo
535 1879 622 1954 puoto
641 1875 733 1938 verbu
751 1894 857 1938 nocere
877 1877 982 1938 solent

288 1980 330 2043 At
348 1997 407 2057 qno
426 1980 469 2042 sis
489 1979 610 2042 humilis
629 1980 725 2056 magis
745 1984 777 2041 et
795 1980 945 2059 subjectus
965 1979 1083 2058 Amori,

327 2082 391 2144 Hoo
410 2083 506 2161 magis
527 2083 632 2145 effeotn
651 2099 741 2160 ssepe
760 2081 858 2144 fruere
878 2082 962 2144 bono.

288 2186 318 2248 ls
338 2187 447 2264 poterit
466 2185 539 2248 felix
559 2204 618 2248 uns
637 2203 788 2247 remouere
808 2165 924 2266 puello,

327 2289 387 2365 Qui
407 2308 557 2368 nunquam
577 2308 669 2358 vsouo
689 2293 806 2369 pectore
827 2290 903 2352 liber
923 2289 988 2352 erit.

219 2472 242 2520 1.
278 2471 362 2531 does,
384 2488 440 2523 nox.
465 2473 504 2523 Sio
526 2475 550 2522 in
575 2474 620 2522 XV
643 2470 695 2523 Lib.
714 2471 789 2522 Pm'm.
814 2473 877 2522 Nam
892 2472 941 2522 sive
957 2475 1064 2536 optatam
1080 2486 1169 2523 muns
1183 2468 1257 2522 tradit

168 2553 215 2604 illa
231 2551 344 2618 quietem,
362 2555 407 2604 Seu
418 2554 497 2621 sacili
513 2560 588 2604 totum
604 2554 671 2604 ducit
687 2569 768 2603 amore
778 2549 854 2603 'diem

203 2643 243 2692 10.
277 2643 326 2692 Pro
342 2643 437 2692 vocibus
455 2643 590 2692 Fonteinius
607 2643 737 2706 conjecerat
753 2641 867 2702 motibus,
884 2641 970 2708 quibus
986 2641 1127 2708 respondent
1143 2637 1257 2703 sosptem

167 2727 260 2790 puella,
278 2727 400 2791 amplexus
415 2730 517 2784 vestros,
533 2729 610 2774 oestro
627 2727 694 2784 hau,
712 2725 805 2775 desum
815 2725 900 2790 furor.

203 2818 243 2866 11.
278 2816 351 2866 Godd.
368 2817 502 2868 medere.
536 2815 664 2866 Beroeldus
681 2816 786 2881 reposuit
802 2816 950 2867 concredere.

203 2905 243 2954 13.
278 2905 352 2955 Codd.
370 2906 470 2956 dolores.
491 2895 589 2956 Volscus
605 2904 677 2954 edidit
684 2905 786 2969 sorores
791 2926 801 2962 ;
816 2905 832 2954 J
834 2921 890 2954 unus
906 2907 1024 2990 Donsvt
1038 2903 1150 2954 Heinsius
1163 2903 1255 2952 salom.

203 2996 243 3046 17.
279 2996 353 3046 dieras
370 3001 484 3055 recedes,
501 2994 597 3059 ideoque
614 2993 721 3044 seriores.
739 2994 821 3044 Livius
839 2995 912 3054 XXI,
931 2995 989 3060 Cep.
1007 2993 1053 3044 52:
1070 2990 1172 3044 rosato
1186 2986 1256 3039 aisti

169 3077 245 3135 alter,
262 3093 334 3143 eoque
344 3077 463 3142 ferocior.
497 3076 622 3125 Pnldamns
637 3075 716 3125 locum
733 3076 857 3126 Livianum
874 3077 983 3143 protulit.

201 3168 242 3218 2⁷.
276 3167 340 3232 laege
356 3184 411 3218 oum
427 3166 523 3233 optimis
539 3164 607 3215 libris
624 3165 718 3231 seriptis
728 3155 805 3232 flotus
819 3167 845 3216 in
860 3181 941 3216 amore
954 3165 1067 3224 secundi,
1082 3178 1130 3215 non
1143 3163 1169 3214 is
1182 3175 1256 3212 autore

168 3250 277 3300 seeundo.

201 3341 243 3390 33.
277 3338 350 3389 Oodd.
366 3340 439 3390 reowl
451 3339 487 3388 ire
503 3341 630 3395 nemesim
648 3336 763 3386 sententie
779 3337 886 3387 absurde.
911 3333 1253 3386 Leohmsnnnsemendsverut:

167 3424 241 3475 semel
254 3422 291 3472 ire
307 3421 402 3479 fimeto·
418 3420 530 3472 Jeoobios
547 3424 624 3472 eutem
641 3419 756 3470 restituit:
774 3419 890 3471 simulare
906 3423 1035 3476 mentm
1052 3433 1109 3468 nem
1125 3433 1149 3467 v.
1161 3411 1253 3474 tuse:

169 3505 275 3557 mosim
290 3503 361 3554 mbo
376 3519 460 3554 nocere
476 3505 559 3554 solent.

202 3596 244 3646 42.
277 3593 404 3658 Nunquam
425 3608 499 3643 vacuo
520 3597 614 3658 pectore
619 3614 628 3650 ,·
658 3593 698 3657 qui
724 3607 815 3658 semper
838 3595 913 3652 umet,
937 3607 1056 3658 nunquam
1078 3589 1165 3642 habeut
1183 3591 1255 3658 peetus

170 3692 248 3730 umore
268 3691 381 3732 veeunm,
404 3679 428 3724 et
449 3675 546 3741 proinde
568 3691 591 3724 se
614 3691 660 3724 non
681 3675 781 3725 liberum
803 3675 896 3724 sentiet.
930 3678 1015 3725 Sensus
1038 3678 1088 3725 eet:
1107 3673 1192 3741 poterit
1205 3668 1253 3720 ldis

169 3773 263 3812 munere
278 3757 304 3809 in
317 3757 430 3808 servitute
442 3759 510 3808 unius
525 3755 615 3823 puellae
624 3757 663 3808 hio
677 3773 751 3816 rmus,
765 3757 804 3824 qui
814 3772 863 3808 eum
873 3757 940 3808 unios
948 3762 1018 3808 umet.
1036 3757 1151 3809 Aeuleum
1162 3753 1255 3806 indiosnt
