2640 4400
708 356 747 414 24

227 529 251 580 ’1.
284 530 358 580 Grou.
371 531 395 579 et
409 530 484 596 Neep.
499 535 556 595 quot
575 530 648 595 troja
662 528 720 580 tulit
733 533 799 586 seim
813 527 1013 594 ctqcotAchaic.
1032 525 1248 591 Offendittcutclegin

182 609 254 675 stoja
276 611 347 670 tulit,
370 626 442 676 quum
467 611 492 660 iu
514 611 604 661 minore
625 627 696 661 versu
717 610 889 677 subsequentur
911 609 1006 659 Priami
1027 626 1109 672 recca.
1135 609 1180 660 Alii
1195 609 1248 658 eoru

175 692 255 751 Hice,
278 693 376 751 Hicetas
398 693 460 742 unde
481 694 586 758 Scaliger
607 693 712 759 reposuit
734 694 797 742 Iona
819 708 863 758 pro
884 692 972 750 [πίω
996 693 1058 758 quod
1078 692 1182 759 exemplo
1196 695 1249 741 cust.

176 773 384 840 Wssscnberghius
398 774 618 839 conjicientur,
633 775 709 840 mngis
724 774 823 824 Achillis
837 791 908 840 quum
920 774 1043 824 heroidum
1056 773 1248 825 nntelibusuobilis

175 857 291 906 Gruterus
312 857 427 907 divinavit
448 862 506 922 quot
527 859 590 908 an.
620 857 709 923 Scripsi
732 859 803 908 tellus
824 873 868 923 pro
891 861 964 907 cem.
994 859 1105 908 Lucanus
1123 859 1188 918 VII,
1202 858 1248 906 423:

175 938 267 988 Felices
282 938 385 1000 Arabes,
404 939 529 1004 Medique,
546 941 645 1004 anque
661 941 739 990 tellus.

226 1026 250 1079 8.
285 1028 359 1079 Oodd.
375 1030 410 1078 Er
427 1029 527 1079 Phoebi
553 1028 617 1093 Quid
632 1028 678 1078 hoc
695 1028 788 1078 nomine
804 1028 886 1087 incias,
903 1027 971 1079 lutet.
992 1028 1105 1080 Jecobius
1122 1028 1214 1093 conjecit
1228 1028 1251 1076 lit

176 1108 247 1171 Beli,
264 1124 279 1159 s
295 1126 341 1176 que
358 1110 527 1178 quinquaginta
543 1111 618 1160 Densi
635 1111 697 1159 filies
714 1109 843 1176 appellatae
858 1110 961 1165 fuerumt.

211 1199 251 1249 1³.
285 1201 357 1250 Gron.
380 1202 404 1250 et
426 1202 502 1266 Neap.
525 1199 626 1249 demissa
638 1199 731 1265 periclo
736 1220 746 1257 ;
765 1199 884 1249 Leidensis
900 1200 930 1248 II
947 1203 971 1249 ct
987 1199 1142 1251 Askeuianus
1158 1200 1251 1256 dimissu

176 1281 239 1348 qued
256 1298 310 1332 cum
327 1282 480 1342 Merklend0‚
498 1281 628 1332 Schraderc
645 1285 714 1346 utque
731 1280 887 1344 Hertnbergio
903 1282 1016 1347 praefero.

526 1514 801 1581 ELEGIA
845 1513 917 1579 XV.

603 1685 655 1733 111)
675 1683 839 1733 unsrun.

440 1821 524 1884 (Codri.
550 1825 575 1871 ct
599 1822 682 1870 Burm.
709 1823 755 1882 14,
781 1821 878 1871 Lechm.
904 1821 949 1880 15,
972 1821 1004 1882 1.)

297 1972 345 2032 Tu
365 1971 435 2032 licet
454 1971 585 2049 abjectus
606 1972 748 2034 Tiberina
767 1972 894 2032 molliter
912 1971 992 2032 unda

336 2073 447 2135 Lesbia
466 2074 614 2137 Mentoreo
633 2076 704 2135 vinu
723 2074 808 2136 bibas
828 2092 932 2153 opere,

296 2177 337 2240 Et
355 2177 441 2239 medo
460 2183 521 2240 tem
541 2181 652 2241 celeres
672 2180 787 2240 mireris
807 2197 923 2240 currere
943 2179 1061 2258 Hunos,

335 2280 375 2341 ut
394 2281 480 2344 modo
499 2287 560 2344 tam
580 2283 681 2344 undas
701 2282 819 2345 funibus
839 2284 883 2344 ire
903 2287 998 2363 retes,

295 2383 456 2446 usnemu
476 2389 539 2446 arte
560 2391 640 2447 satus
661 2385 794 2446 intendat
813 2386 924 2446 vertice
944 2386 1051 2464 silves,

335 2485 464 2563 Urgetur
482 2487 599 2564 quantis
620 2486 769 2549 Caucasus
789 2489 957 2569 arboribus3

293 2591 360 2651 Non
381 2594 479 2651 tumen
499 2591 557 2651 iste
577 2607 641 2651 mco
661 2593 781 2651 valcant
801 2590 976 2652 contendere
997 2593 1105 2652 amori:

333 2692 437 2753 Nescit
456 2691 547 2753 Amor
566 2693 681 2769 magnis
701 2693 805 2754 cedere
824 2692 948 2754 divitiis.

292 2794 370 2856 Nam
390 2795 454 2856 sive
474 2798 603 2871 optatam
623 2813 736 2856 mecum
756 2796 848 2856 trahit
867 2796 921 2856 illa
941 2797 1085 2876 quietem,

334 2897 394 2959 Seu
413 2898 493 2959 facili
514 2903 607 2962 totum
626 2900 708 2961 ducit
727 2917 825 2961 amore
846 2901 941 2979 diem,
1225 2900 1257 2960 10

295 3003 373 3063 'lum
392 3002 466 3063 mihi
485 3002 598 3065 Pactoli
618 3003 741 3063 veniunt
760 3003 815 3063 sub
835 3003 1078 3083 tecta‘liqueres‚

333 3107 373 3168 ut
393 3107 501 3184 legitur
520 3107 617 3167 rubris
637 3124 754 3183 gemma
774 3106 828 3168 sub
849 3106 1041 3185 aequoribus3

293 3209 371 3271 Tum
390 3209 463 3271 mihi
484 3229 616 3272 cessuros
635 3207 780 3287 §pendent
800 3227 866 3270 mee
886 3210 996 3286 gaudie
1015 3212 1117 3287 reges!

333 3312 415 3389 Quae
435 3318 588 3392 maneant,
609 3312 678 3373 dum
698 3330 745 3372 me
765 3311 828 3372 fatu
847 3313 944 3389 perire
964 3314 1073 3374 volent.

290 3418 367 3478 Nem
387 3418 454 3494 quis
474 3417 587 3478 divitiis
608 3416 733 3477 adverso
753 3414 863 3492 gaudet
883 3415 1006 3476 amore?
1227 3415 1256 3477 15

329 3520 421 3580 Nulla
441 3519 515 3580 mihi
534 3520 612 3580 tristi
633 3519 765 3596 praemia
785 3518 846 3578 siut
866 3518 998 3578 Venere!

293 3624 350 3685 Illa
369 3628 466 3701 potest
485 3643 607 3701 mugnus
626 3623 748 3684 heroum
769 3620 929 3698 iufringere
949 3620 1047 3699 vires,

331 3727 389 3790 Illa
409 3727 498 3790 etiem
519 3727 601 3788 duris
621 3726 769 3788 mentibus
790 3743 855 3787 esse
875 3724 967 3785 dolor.
