2640 4400
1085 387 1144 432 111

51 541 81 600 in
102 543 139 601 eo
159 539 246 601 stilus
262 540 378 619 vadus,
396 558 479 619 aoer,
496 540 723 620 grandiloquus,
750 540 852 618 figuris
873 545 904 602 et
918 542 1010 621 tropis
1025 543 1144 625 orebm3

50 643 184 705 suavitas
210 642 385 720 quaudoque
409 643 594 706 desideratur
612 649 643 706 et
662 661 809 706 numerus.
850 645 1027 709 Reoonditas
1047 647 1143 710 erudi·

49 748 147 809 tiones
166 752 247 809 emat
266 765 332 806 enm
351 745 506 808 historiens
525 751 588 808 tum
607 747 770 827 mythioas3
792 747 987 808 oonoisionem
1004 750 1144 811 orationis

49 856 194 932 sectatur,
222 850 346 912 subinde
372 850 422 912 hio
449 855 480 911 et
505 851 567 912 illio
593 850 733 928 obscurus
754 851 920 928 legentibus
941 856 999 932 est3
1021 869 1144 930 operosa

49 954 131 1014 enim
169 959 240 1014 sunt
274 953 338 1030 eJus
373 953 503 1014 earmina
539 958 569 1015 et
604 955 777 1032 poetsbatur
809 955 873 1033 opio
903 953 1032 1016 diutinos
1064 955 1144 1016 More

49 1058 189 1136 modoque
218 1062 305 1134 quoto
334 1055 480 1134 carpentis
510 1056 611 1133 thymo
644 1076 699 1136 per
735 1057 861 1118 laborem
899 1056 1080 1137 Plurimum,
1111 1063 1145 1120 nt

48 1161 162 1222 dieeret
191 1159 368 1220 Venusinus.
409 1157 492 1232 Quae
522 1160 620 1220 omnia
647 1164 677 1220 et
704 1161 911 1222 translationes
939 1179 957 1221 e
984 1162 1143 1239 longinquo

47 1265 202 1341 quaesitae
230 1267 260 1323 et
281 1263 437 1339 juncturae
464 1261 622 1323 studiosius
645 1263 792 1324 involutae
819 1264 920 1324 mollis
939 1263 1039 1324 forsan
1060 1271 1144 1327 erant

47 1367 250 1428 blandimenta
265 1365 396 1442 puellae,
417 1379 505 1439 quam
525 1363 640 1425 doetam
660 1381 867 1442 musarumque
889 1367 1037 1426 alumnam
1056 1385 1140 1444 prae-

48 1471 137 1530 dicat.
157 1470 193 1529 In
210 1468 303 1544 elegis
318 1465 463 1543 quaedem
479 1468 653 1544 voluptuosa
663 1472 831 1547 ooourrunt3
848 1485 995 1546 perpauca
1005 1470 1139 1530 obsoena

47 1575 170 1634 Nullum
190 1575 259 1633 ante
282 1569 437 1646 Cynthium
457 1569 537 1647 apud
556 1569 685 1631 Greeoos
708 1572 754 1631 vel
771 1571 892 1632 Latinos
909 1573 1053 1648 poeticum
1069 1591 1142 1651 opus

47 1675 200 1753 laudetur,
228 1673 311 1750 eujus
338 1677 492 1744 οἰκονομία
517 1672 623 1733 mentis
644 1673 818 1750 ebrietates,
839 1673 979 1733 mmultos
1001 1677 1031 1734 et
1051 1674 1141 1734 animi

47 1779 237 1839 delirationes
267 1775 405 1852 subjiciat
431 1776 462 1835 iu
489 1775 619 1851 singulos
647 1775 711 1836 dies
738 1776 916 1854 descriptas,
938 1775 980 1835 ita
999 1779 1032 1836 ut
1052 1793 1141 1836 unum

4 1903 5 1920 ÷
48 1884 76 1940 et
96 1881 267 1940 eontinuum
294 1896 397 1954 poema
424 1876 592 1956 oonfioiant,
628 1883 745 1938 servata
781 1880 812 1938 in
845 1897 958 1939 summa
992 1878 1141 1939 modorum

4 1963 5 2048 ἰ
47 1983 190 2043 varietate
211 1981 368 2060 eranam,
389 1998 477 2056 quam
497 1984 617 2058 vocant,
638 1981 759 2041 unium.
788 1980 898 2042 niteris
919 1980 1140 2041 rontemnere

4 2067 5 2070 ¹
47 2089 114 2161 post
133 2083 261 2144 saeculis
282 2099 450 2143 eoncessum
470 2081 526 2143 luit
552 2081 694 2160 Cynthiae
710 2085 773 2144 iure
788 2084 951 2160 meritoque
962 2099 1140 2162 praeponere

4 2187 6 2242 4
48 2186 185 2248 luorum.

575 2483 618 2548 ΙΙ.

311 2695 363 2742 Ml
385 2695 603 2744 PBM’EBTH
625 2694 880 2744 unanimibus.

88 2886 246 2965 Cynthium
266 2887 379 2944 tantum
395 2886 424 2942 et
444 2879 607 2942 Cornelium
624 2881 689 2942 sine
710 2882 772 2942 ulla
793 2881 978 2944 dubitatione
988 2881 1139 2960 Propertio

49 2990 174 3051 tribuere
196 3004 358 3066 possumus.
395 2985 491 3045 Unam
514 2983 669 3060 Cynthium
691 2984 834 3044 cecinisse
855 2982 997 3044 Nostrum
1017 2980 1140 3046 Ovidius

50 3093 135 3154 refert
156 3091 250 3172 (Rem.
273 3090 336 3149 Am.
359 3086 441 3166 763.)

280 3191 390 3242 Cerrnina
406 3189 458 3256 quis
474 3192 527 3240 tuto
544 3190 621 3256 potnit
638 3188 721 3254 legisse
737 3188 836 3248 Tibulli,

312 3273 357 3323 Vel
373 3277 427 3331 tua,
445 3270 509 3335 eujus
527 3286 584 3337 opus
602 3270 753 3322 CYNTHIA
771 3271 820 3321 sola
835 3270 900 3321 fuit?

50 3367 82 3428 ld
106 3384 225 3446 quoque
252 3383 394 3443 apparere
422 3381 460 3423 ex
484 3364 560 3424 notis
581 3364 725 3425 Martialis
747 3364 900 3425 versieulis
921 3364 1037 3426 videtur
1057 3364 1136 3440 (Lib.

50 3471 126 3551 XIV,
148 3471 226 3550 epig.
249 3469 333 3549 189):

279 3571 434 3640 cintius
446 3571 539 3621 ineundi
555 3587 648 3622 osrmen
661 3571 764 3638 juvenile
781 3571 900 3640 Properti,

311 3655 408 3722 Aeoepit
424 3655 522 3714 lamam,
541 3670 583 3704 nee
599 3655 675 3705 minus
691 3655 743 3722 ipss
757 3654 828 3705 dedit.

52 3746 159 3809 Plinius
181 3764 217 3806 ao
238 3743 437 3820 Quintilianus
458 3743 534 3806 nihil
554 3749 673 3821 praeter
691 3744 848 3806 amatorios
868 3744 966 3822 elegos
983 3737 1136 3818 scripsisse
