2642 4396
703 393 763 450 210

186 567 260 617 codd.
285 566 370 616 latinis
394 565 496 616 ructum
518 567 547 615 ed
567 567 645 617 reneis.
674 567 774 632 Egregie
796 567 952 618 Marklandus
977 565 1080 615 correxit
1104 563 1211 620 latinos,
1227 562 1242 611 i.
1257 578 1272 608 e.

184 651 270 711 fluctuo
287 647 404 715 sequentis
420 663 514 699 versus:
533 649 631 698 Latinos
646 648 744 706 fluctus,
763 650 920 716 prohpudorl
938 652 962 698 te
970 647 1076 714 principe
1084 647 1134 712 pali
1142 645 1199 695 vela
1207 645 1273 709 regie!

216 737 258 787 49.
293 736 366 786 Codd.
393 737 513 802 Quodque.
547 737 644 802 Repono
671 739 791 802 Quodque,
816 737 895 787 idest
916 737 994 787 omnia
1010 736 1052 785 illa
1069 735 1214 784 Cenuurica
1229 747 1274 782 saxu

183 833 267 884 prorae
282 817 405 878 minantis,
423 818 549 885 experieris
565 834 615 867 esse
631 818 695 882 ligne
712 822 735 868 et
752 821 839 884 figuras
856 821 939 885 pietas.

218 906 259 956 56.
293 907 371 957 Haste
394 907 499 958 Caesaris
521 907 629 973 proxima
644 907 690 956 fuit
705 909 761 972 post
778 907 866 956 Phoebi
882 923 971 956 orcum.
988 903 1158 954 Assentationis
1176 902 1273 968 auspicu-

184 989 277 1040 tissima
293 991 395 1050 locutio;
412 1006 487 1056 neque
503 989 603 1038 feliciter
619 989 769 1039 emendarunt
786 989 832 1038 viri
848 989 911 1038 docti
921 988 992 1054 furit
1007 1003 1051 1053 pro
1061 986 1126 1053 suit.

217 1079 259 1130 59.
293 1079 366 1129 Codd.
383 1080 502 1137 miratum
520 1080 629 1128 Muretus
646 1079 751 1144 reposuit
767 1079 877 1128 miratur.

217 1169 257 1218 60.
292 1169 365 1220 Codd.
382 1171 439 1218 Sum
457 1171 528 1220 Deus.
563 1170 727 1219 Luchmauuus
740 1170 795 1233 jure
810 1169 915 1235 ineptum
931 1169 1000 1217 rocut
1016 1165 1076 1214 hane
1093 1163 1161 1212 Jovis
1178 1164 1275 1211 affirma·

184 1249 285 1310 tionem,
302 1253 458 1318 proponitque
481 1253 536 1300 Tum
553 1254 626 1301 Deus.
644 1252 783 1301 Emendavi:
807 1253 839 1300 Tu
858 1254 934 1301 Deus:
953 1253 989 1299 eet
1004 1247 1083 1296 nostri
1099 1245 1276 1309 raupuiuicisto

179 1334 251 1400 fider.
276 1335 292 1382 J
295 1335 387 1400 uppiter
402 1334 452 1399 ipsc
470 1333 575 1383 Caesaris
593 1333 739 1382 divinitatem
755 1333 880 1392 adfirmat,
897 1346 976 1398 pugna
992 1329 1089 1378 Actiaca
1106 1326 1276 1380 exardescente,

184 1414 262 1463 divina
285 1415 372 1464 virtute
394 1414 529 1480 praeliantis
549 1419 678 1480 perspecta.
712 1417 772 1465 Post
793 1416 851 1464 haec
873 1414 929 1479 quid
945 1413 1044 1471 mirum,
1062 1411 1083 1459 si
1099 1409 1184 1476 populi
1201 1407 1277 1457 victori

185 1499 208 1544 et
229 1495 322 1545 domiuo
343 1495 431 1562 templa
453 1496 576 1547 dicavere?
603 1526 636 1538 ·-
661 1500 734 1548 Gron.
756 1504 781 1548 et
801 1498 892 1548 uostris
919 1497 995 1561 Neap.
1012 1499 1048 1544 eet
1064 1509 1117 1542 cum
1135 1491 1244 1541 Lunensi
1259 1495 1278 1538 et

187 1579 308 1628 Vossiano.
334 1578 364 1627 Iu
380 1577 446 1642 vulg.
463 1579 514 1627 edd.
531 1596 561 1628 cu
577 1579 660 1628 neutri.

218 1668 259 1716 64.
292 1668 346 1718 Hoc
362 1685 448 1726 uuum,
465 1667 613 1733 subintellige
630 1671 733 1734 adeptu,
751 1675 884 1720 cosecratu.

219 1755 260 1803 65.
295 1756 447 1826 Ingeniorum
467 1773 558 1822 quoque
575 1757 714 1808 adulationis
731 1757 905 1824 magisterium
927 1772 982 1806 uam
1000 1758 1083 1804 notum
1100 1756 1136 1803 est
1152 1754 1278 1818 Augustini

185 1837 334 1887 vehementer
350 1839 508 1905 concupivisse
523 1839 682 1905 pulcherrima
698 1840 749 1889 Nili
767 1841 848 1906 regina
864 1838 1013 1904 triumphum
1030 1852 1098 1885 suum
1116 1850 1209 1884 ornere.
1239 1834 1278 1882 Sed

187 1919 302 1968 Horatius
323 1920 401 1970 verius
424 1923 448 1970 et
469 1921 551 1970 melius
577 1924 652 1972 Curuo.
677 1924 811 1973 XXXVII:
837 1923 919 1972 Saeuis
935 1920 1051 1970 Liburnis
1066 1919 1161 1968 seilicet
1176 1917 1278 1967 iuoidm

186 2002 290 2051 Prioutu
307 2003 393 2052 deduci
409 2004 508 2067 superbo
525 2005 580 2052 Nou
597 2004 695 2053 humilia
711 2005 797 2054 mulier
813 2004 943 2068 triumpho.
990 2015 995 2028 ³

220 2093 259 2140 71.
295 2091 367 2141 Codd.
384 2093 446 2142 luco.
472 2093 516 2142 Sed
532 2092 597 2142 nullo
614 2095 682 2143 modo
699 2110 780 2144 nemus
798 2110 851 2144 cum
867 2090 1059 2160 praecedentibus
1076 2089 1195 2139 cohaeret.
1221 2088 1277 2136 Fon·

188 2171 274 2221 teinius
291 2172 391 2236 conjecit
407 2175 480 2231 ludo;
498 2175 590 2240 reposui
608 2178 669 2225 lucu.

220 2262 260 2311 tu.
294 2263 385 2320 Rome,
403 2261 528 2312 blanditiae
543 2279 622 2323 meae,
645 2265 723 2315 'fluant
739 2269 783 2315 etc.
817 2265 921 2331 Scaliger
938 2267 1070 2315 correxerat
1085 2261 1278 2322 utendumque,-

187 2342 352 2392 Laohmennus
369 2345 483 2394 Blandae
500 2345 625 2410 utrimque.

221 2431 261 2482 75.
296 2433 367 2483 Codd.
384 2434 504 2498 inueniunt
515 2436 616 2500 positum
634 2436 733 2486 Puccius
750 2437 871 2501 iupmium
883 2437 957 2502 potis.

222 2523 262 2572 77.
295 2525 416 2587 Augustus
438 2524 467 2574 de
489 2525 615 2575 sicambris
636 2526 793 2592 triumphavit
816 2542 876 2575 anuo
899 2541 922 2575 u.
946 2531 968 2575 ο.
987 2520 1147 2574 DCCXXIX.
1182 2519 1279 2568 Carmen

187 2601 260 2666 igitur
275 2606 330 2668 post
346 2605 407 2654 hune
424 2621 510 2656 annum
526 2607 642 2673 scriptum
657 2607 715 2667 fuit,
738 2624 810 2672 quum
826 2610 888 2658 forte
904 2605 1041 2672 Propertius
1055 2604 1107 2667 jem
1121 2601 1209 2652 obisset
1222 2599 1280 2648 dien

188 2699 329 2750 supremum.

223 2775 263 2824 79.
297 2776 436 2842 Confessum
452 2778 586 2838 Parthum,
604 2795 629 2828 se
644 2779 734 2829 victum
750 2781 871 2829 fatentem.

222 2863 263 2914 82.
298 2866 374 2916 Credo
397 2870 490 2933 poetam
512 2868 540 2917 ad
557 2868 675 2918 Tiberium
693 2874 717 2920 et
734 2873 839 2920 Drusum
855 2869 982 2935 respicere,
999 2867 1039 2931 qui
1056 2881 1093 2914 au.
1111 2859 1280 2912 DCCXXXIX

188 2943 249 2995 b⁶n⁸
270 2947 357 3013 Alpina
378 2953 510 3014 80⁸⁸⁰¹³ssl5
533 2951 562 3000 ud
583 2951 701 3001 Tiberium
722 2954 846 3019 praecipue
863 2952 903 3017 qui
919 2955 976 3001 tunc
991 2947 1104 3014 temporis
1118 2945 1169 3009 jam
1184 2943 1281 2993 feliciter

190 3043 256 3079 arma
270 3029 357 3080 tulerat
372 3032 398 3080 iu
414 3031 545 3082 Armenios.
861 3019 870 3028 “
