2624 4398
556 352 594 410 29

352 539 629 606 ELEGIA
678 539 801 615 XVIII.

292 692 504 743 DEFIAETUB
522 693 632 742 1⁰80
650 691 858 774 HABOELLI.

227 815 311 880 (eone.
338 816 383 876 18,
407 813 492 868 Burm.
518 815 563 876 le,
589 815 649 874 1113
674 815 772 866 Leclum
798 814 844 874 17,
870 811 925 874 IV.)

55 949 130 1002 Periit
145 950 353 1003 Mmeellmanno
370 967 392 1003 a.
409 970 433 1002 n.
451 969 471 1002 e.
489 951 653 1008 DCOXXXI;
669 953 813 1018 quapropter
828 947 927 1014 elegiam
943 953 958 997 'e
973 945 1053 998 Tertio
1068 944 1093 998 in

410 1035 519 1106 mimum
536 1033 634 1084 merum
651 1033 741 1098 enai.

149 1161 273 1224 Clausus
295 1163 333 1224 ab
353 1163 488 1223 umbroso
510 1179 569 1238 qua
589 1161 687 1221 allidit
705 1163 812 1238 pentus
832 1155 966 1238 Averno,

187 1265 316 1326 Fumida
335 1265 475 1343 Bajarum
495 1268 601 1341 stagna
620 1264 747 1342 tepentis
767 1281 878 1342 aquae,

148 1368 214 1444 uua
229 1370 312 1448 jaeet
333 1373 363 1430 et
384 1368 492 1447 Trojae
513 1368 632 1428 tubicen
652 1367 783 1428 Misenus
803 1383 909 1443 arena,

185 1473 226 1532 Et
246 1476 330 1532 senat
350 1471 495 1532 Herculeo
516 1473 627 1532 structa
646 1470 746 1530 labere
766 1470 832 1548 via,

144 1575 219 1652 Hic,
240 1574 307 1652 ubi,
327 1573 460 1634 mortalis
480 1573 584 1633 dexter
604 1589 670 1633 eum
689 1576 843 1649 quaereret
862 1572 966 1651 urbes,
1100 1570 1119 1630 5

185 1677 329 1756 Cymbala
349 1677 492 1738 Thebano
513 1693 706 1754 aonerepuere
727 1675 802 1738 dee:
981 1687 984 1693 “

144 1781 186 1843 At
205 1800 302 1861 nune,
323 1781 437 1843 invisae
457 1799 565 1858 magne
585 1799 651 1841 eum
672 1781 792 1841 erimine
812 1780 919 1860 Bajae,

185 1882 258 1959 Quis
279 1883 358 1946 dens«
372 1885 404 1944 in
424 1888 523 1945 vestra
543 1885 675 1945 constitit
694 1883 787 1945 hostis
808 1882 911 1960 aqua?

144 1987 200 2050 His
220 2005 354 2067 pressum
374 1988 494 2066 Stygias
514 1989 642 2049 Puerum
662 1987 782 2049 demisit
801 1988 832 2048 in
851 1986 962 2066 undas,

185 2091 274 2153 Errat
294 2093 376 2153 etin
396 2096 494 2153 vestre
515 2092 636 2169 spiritus
657 2091 708 2151 ille
728 2092 804 2152 lanu.
1082 2090 1121 2150 10

146 2192 225 2268 Quid
243 2211 351 2274 genus,
372 2197 423 2254 aut
444 2194 554 2274 virtus,
574 2198 625 2254 aut
645 2195 756 2272 optima
775 2192 884 2272 profuit
904 2192 949 2252 illi

184 2296 297 2377 Mater,
317 2302 348 2358 et
368 2297 535 2374 amplexum
555 2294 691 2358 Caesaris
712 2315 777 2358 esse
797 2295 899 2358 iocos?

145 2399 205 2461 Aut
225 2400 310 2462 medo
330 2404 391 2462 tam
411 2402 499 2478 pleno
518 2399 666 2462 fluitantia
685 2403 754 2461 vela
773 2400 904 2478 theatro,

184 2503 223 2562 ut
243 2521 297 2580 per
316 2507 464 2564 maternas
484 2503 582 2564 emnia
602 2506 687 2579 gesta
707 2502 834 2563 manus?

145 2601 275 2684 Occidit,
296 2609 327 2665 et
346 2605 453 2666 misere
473 2608 596 2665 steterat
615 2604 777 2681 vigesimus
798 2606 907 2665 annus!
1080 2603 1118 2663 15

183 2709 243 2770 'Pet
263 2708 340 2769 bena
359 2713 421 2770 tam
441 2727 533 2786 parve
554 2709 661 2769 elausIt
681 2709 713 2768 in
733 2709 803 2769 orbe
824 2709 897 2769 dies.

145 2809 270 2890 Inuus,
291 2813 362 2872 telle
382 2812 511 2890 animos,
533 2815 563 2871 et
582 2815 679 2872 tenum
699 2811 777 2889 finge
797 2810 972 2889 triumphes,

182 2914 357 2992 stantiaque
377 2916 409 2976 in
428 2917 564 2993 plausum
584 2919 646 2976 tota
666 2915 782 2976 theatra
796 2916 915 2996 juvent3

143 3018 287 3081 Attalicas
307 3036 414 3097 supera
434 3024 548 3099 vestes,
570 3023 658 3096 atque
679 3020 776 3081 omnia
795 3019 910 3096 magnis

181 3121 323 3183 Gemmea
343 3122 403 3182 sint
423 3122 518 3183 ludis:
539 3123 658 3199 Ignibus
678 3127 745 3184 usta
765 3123 859 3182 dabis.
1076 3123 1116 3182 20

142 3219 200 3284 Sed
220 3229 320 3286 tamen
340 3225 395 3287 hee
416 3243 530 3306 omnes3
551 3226 606 3288 hoe
626 3227 738 3304 primns
758 3232 788 3288 et
808 3227 928 3288 ultimus
948 3226 1035 3287 erdo:

180 3329 236 3390 Est
256 3329 351 3407 mala,
372 3327 425 3388 sed
445 3329 557 3389 eunefis
578 3329 636 3389 ista
655 3330 778 3390 terenda
797 3331 848 3390 via
868 3334 922 3391 est.

142 3429 299 3492 Exoranda
319 3431 400 3491 oanis
420 3431 478 3490 tria
498 3436 566 3492 sunt
586 3434 726 3493 latrantia
746 3435 837 3512 eolla,

181 3532 355 3594 Scandenda
375 3537 420 3593 est
440 3534 517 3593 torvi
536 3535 655 3610 publiea
674 3535 780 3612 eymba
800 3537 900 3597 senis.-

143 3632 195 3695 Ille
216 3635 287 3696 lieet
306 3634 382 3695 ferre
402 3639 505 3697 cautus
526 3655 558 3698 se
578 3637 699 3717 condat,
721 3643 751 3700 et
771 3657 852 3699 aare:
1073 3638 1113 3698 25

178 3735 256 3800 Mors
277 3741 375 3799 tamen
396 3737 540 3802 inclusum
561 3738 705 3817 protrahit
726 3741 794 3803 inde
815 3745 914 3819 eaput.
