2642 4396
151 554 194 568 -
216 521 279 596 „nt
298 539 345 582 me
365 522 450 582 Pana
469 522 525 583 tibi
544 523 680 585 eomitem
700 521 738 584 de
758 539 831 600 rupe
851 524 956 584 rosato
967 563 976 602 ‚
1088 523 1128 583 45

195 622 289 698 „Sive
308 628 393 701 petes
413 625 526 686 calamo
546 624 693 706 praemia,
714 625 779 687 sire
800 626 903 709 oauess’
927 659 964 670 -

151 723 193 787 At
212 744 290 789 uuna
310 727 434 790 desertis
454 731 572 789 cessant
591 728 721 790 sacraria
740 728 837 809 lueis3

191 829 304 894 numm
324 849 424 894 omnes
444 833 524 894 vieta
538 832 603 911 jam
622 833 734 910 pietate
755 833 862 894 colunt.

150 931 232 996 Auro
251 935 337 1013 pulsa
356 933 446 1015 fides3
468 953 538 996 auro
557 936 677 998 venalia
691 936 777 1017 jura3

191 1036 305 1100 amum
325 1039 374 1099 lex
394 1039 542 1119 sequitur,
562 1057 631 1100 mox
651 1040 715 1101 sine
735 1039 802 1116 lege
822 1037 910 1101 fruor.
1087 1039 1128 1101 50

150 1141 278 1202 'Porrida
298 1143 473 1220 saoulegum
493 1146 639 1204 testantur
658 1142 768 1204 limina
781 1128 947 1223 Brennum,

190 1245 268 1306 Dum
288 1246 363 1322 petit
383 1246 491 1307 intonsi
511 1246 623 1324 Pythia
642 1264 734 1324 regna
756 1246 821 1307 dei:

150 1347 194 1409 At
213 1367 296 1410 mons
316 1351 463 1428 laurigero
484 1368 641 1413 eoneussus
661 1351 771 1411 vertioe
793 1350 874 1410 diras

193 1451 309 1514 Gallias
329 1454 477 1514 Parnasus
498 1454 608 1531 sparsit
627 1454 658 1513 in
679 1471 730 1514 ora
750 1452 843 1513 nives.

152 1556 200 1618 'l'e
220 1559 316 1618 seelus
336 1562 456 1636 aeeepto
476 1558 601 1619 Thracis
622 1557 832 1634 Polymestoris
854 1574 925 1618 aure
1088 1559 1127 1618 55

191 1659 293 1722 Nutrit
313 1660 345 1720 in
364 1661 493 1739 hospitio
513 1680 587 1741 non,
608 1661 771 1741 Polydoro,
792 1661 851 1739 pio.

151 1761 200 1823 uu
220 1780 336 1840 quoque
357 1768 390 1826 ut
410 1769 528 1825 auratos
548 1782 683 1845 gereres,
704 1764 864 1845 Eriphyla,
886 1765 1029 1845 lacertos,

190 1865 323 1944 Dilapsis
343 1884 487 1944 nusquam
509 1872 554 1928 est
575 1866 773 1946 Amphiaraus
795 1869 889 1945 equis.

151 1968 326 2050 Proloquar,
347 1975 436 2048 atque
456 1972 568 2032 utinam
587 1973 703 2049 patriae
724 1973 781 2034 sim
801 1991 894 2034 vanus
916 1990 1061 2051 aruspex:

190 2074 349 2151 Frangitur
369 2075 435 2153 ipsa
453 2075 514 2136 suis
534 2076 628 2136 Roma
648 2077 777 2153 superba
796 2076 890 2138 bonis.
1086 2076 1126 2136 60

149 2174 237 2237 Oerta
256 2178 373 2258 loquor,
394 2178 447 2238 sed
466 2179 548 2238 nulla
568 2178 660 2246 fides:
681 2196 777 2256 neque
798 2179 876 2239 enim
897 2177 955 2240 Ilia
975 2177 1122 2256 quondam
1160 2227 1162 2234 ,

142 2305 144 2310 ’
187 2280 288 2342 Verax
306 2281 476 2358 Pergameis
496 2281 617 2342 Maenas
638 2280 775 2342 habenda
796 2281 891 2342 malis.

149 2381 219 2444 Sola
239 2383 329 2445 Parin
348 2382 497 2460 Phrygiae
517 2383 611 2444 iatum
631 2402 820 2464 componere,
843 2386 906 2446 sola

189 2485 338 2548 Palladem
357 2488 472 2565 patriae
493 2506 611 2566 serpere
632 2488 708 2550 dixit
729 2507 847 2566 equum.

149 2587 205 2651 Ille
224 2588 304 2652 furor
323 2593 437 2669 patriae
457 2592 514 2654 luit
534 2594 649 2675 irritus,
671 2594 722 2655 ille
742 2595 875 2676 parenti3
1084 2593 1124 2656 65

190 2691 321 2771 Experta
341 2698 388 2756 est
407 2713 491 2758 veros
512 2695 596 2758 irrita
615 2697 718 2775 lingua
730 2697 820 2760 deos.

82 2890 105 2942 6.
128 2892 211 2968 codd.
228 2893 319 2946 warda
334 2895 455 2960 Erycina,
476 2895 501 2946 id
523 2899 558 2947 est
581 2897 685 2948 Veneris.
720 2898 847 2949 Beroaldus
864 2897 966 2949 correxit
981 2897 1121 2962 Erythraea

38 2971 84 3027 ull.
101 2977 159 3038 111,
177 2978 206 3029 3:
226 2978 316 3034 Quidve
331 2979 359 3030 ἐκ
374 2978 511 3042 Erythraeo
527 2981 616 3045 legitur
631 2995 694 3045 quae
711 2982 782 3032 utere
799 2981 897 3031 emta.

82 3065 105 3116 8.
139 3065 214 3118 (lodd.
233 3072 258 3118 et
279 3068 350 3118 multi
365 3073 451 3134 pastor
470 3067 551 3119 odom
573 3070 659 3121 Arabe.
692 3071 796 3136 Scaliger
812 3070 927 3137 explieat,
940 3073 1025 3136 pastor
1041 3069 1121 3120 Arabs

39 3147 151 3202 odoram
185 3149 257 3201 Petro
280 3149 402 3200 Ponteinio
427 3150 548 3202 reddamus
569 3152 726 3204 felicissimam
743 3153 899 3218 conjecturam
916 3157 940 3202 et
956 3152 1017 3203 culte*
1034 3166 1121 3202 mersor

39 3227 112 3280 odoris
127 3231 219 3290 Arabs,
236 3247 307 3296 quam
323 3232 487 3282 Lachmanuus
505 3233 615 3299 protulit.

68 3309 106 3370 '9.
139 3323 212 3371 Gran.
229 3323 324 3372 clausae
331 3323 436 3387 pudicas
444 3344 454 3381 ,-
471 3325 547 3389 Neap.
565 3325 641 3374 ninas
650 3325 768 3390 pudieam
787 3323 941 3376 Manteliauue
958 3337 1051 3374 semar.
1085 3322 1122 3373 Ex

41 3400 183 3468 Neapolitani
199 3407 311 3470 corrupta
327 3404 445 3472 scriptura
460 3408 537 3456 niuea
554 3405 663 3473 Ungerus
680 3407 793 3464 sinceram
810 3390 882 3459 ondit:
900 3409 982 3458 uittae.

71 3493 106 3544 10.
140 3494 213 3545 codd.
236 3495 347 3559 Quaeque
368 3499 464 3553 terum
490 3495 589 3546 Pueeius
611 3499 634 3545 et
656 3496 764 3561 Perrejus
780 3497 892 3562 Haecque
897 3517 907 3554 ,·
932 3497 957 3546 in
973 3491 1123 3546 vocabulario

42 3569 138 3626 Nestoris
154 3593 254 3642 qaoque.
278 3577 332 3626 Vox
349 3593 455 3643 quaeque
470 3577 552 3644 prom]
568 3577 638 3628 dubio
655 3578 740 3629 uitiosa
757 3581 803 3637 est3
820 3577 881 3643 quod
894 3578 924 3628 ad
939 3578 1122 3628 emendationem

43 3652 124 3718 Pueeii,
145 3657 250 3726 plerique
265 3662 352 3725 negant
368 3660 508 3726 particulam
524 3677 569 3727 que
585 3664 647 3711 reete
663 3661 758 3728 affiuugi
773 3661 865 3711 litterae
882 3677 903 3712 e.
938 3661 1048 3726 Ungerus
1065 3675 1121 3709 eon·

41 3733 90 3816 1⁹⁶0th
104 3758 230 3810 quemque,
247 3742 398 3794 explanantis
414 3742 552 3808 mterjeetio.
578 3743 635 3808 Ejus
652 3743 809 3809 conjecturam
826 3743 924 3796 firmabo
940 3742 1043 3807 eusdem
1059 3741 1120 3792 Pro-
