2642 4396
562 373 619 470 1'9'5

70 583 113 632 34.
150 581 224 631 Codd.
242 581 330 632 addunt
345 581 472 632 distichum
488 581 608 648 spurium

272 664 316 715 Est
333 663 403 713 etiam
419 663 514 728 aurigas
530 663 617 729 speeies
635 663 795 724 Vertumnus,
813 665 837 716 st
853 663 917 729 ejus.

307 744 404 810 Trsjioit
420 745 510 796 alterno
527 746 567 811 qui
583 745 634 796 leve
650 746 741 812 pondus
757 762 826 811 equo.

34 827 186 891 Vertumnus
202 826 228 876 in
244 828 345 876 osnnsins
361 828 412 894 ipse
427 828 545 894 loquitur3
564 829 720 894 interpolator
736 833 827 879 narrat.

68 917 114 968 35.
150 917 224 970 Codd.
245 923 354 984 suppetat
375 919 435 976 doa-
458 918 570 969 Heinsius
592 923 617 968 st
640 919 795 970 Marklaudus
820 917 939 970 malebant
963 923 1073 984 suppetat
1099 919 1139 968 his

33 1001 50 1050 i.
69 1017 90 1050 e.
110 999 223 1053 adamus.

68 1092 113 1141 37.
150 1089 224 1142 Oodd.
243 1095 365 1156 pastorem
390 1091 425 1140 ad
449 1091 558 1142 basulam
578 1107 675 1158 possam
701 1107 793 1144 aurare.
828 1093 976 1158 Ayrmannus
999 1094 1135 1158 corruptam

32 1175 182 1239 scripturam
203 1171 324 1242 expolivit.
349 1171 388 1222 Sis
409 1173 508 1224 Ovidius
528 1191 558 1225 sa
582 1175 659 1224 Ponto
684 1175 711 1235 Ι,
733 1177 761 1226 9:
784 1176 840 1240 Ipse
854 1174 923 1226 velint
940 1175 1025 1225 basolo
1037 1188 1137 1239 passere

32 1271 109 1305 navus
128 1270 188 1304 oses.

69 1345 114 1394 38.
150 1343 250 1410 Vulpins
267 1347 330 1398 reete
344 1342 450 1394 observat
464 1347 558 1410 poetam
572 1345 600 1394 ds
614 1345 683 1394 Circo
698 1344 774 1410 loqui,
792 1344 832 1395 ubi
845 1345 954 1396 ludorum
968 1343 1136 1412 spectatoribus

33 1441 104 1476 rosae
122 1425 208 1491 aliique
224 1426 293 1478 dorse
309 1426 476 1476 vendebantur.
501 1427 641 1491 Sarmenta,
658 1427 768 1476 canistris
784 1428 899 1478 vimineis.

67 1517 112 1567 39.
149 1518 222 1566 Gron.
239 1517 344 1568 maxima
360 1533 420 1566 cara
436 1521 487 1574 θοὴ·
505 1518 582 1581 Neap.
599 1517 704 1566 munima
714 1518 788 1582 fama
804 1522 847 1567 ert.

65 1608 112 1656 40.
151 1607 219 1656 Dona
234 1606 268 1654 n'ss
281 1606 398 1664 ,manitas
420 1605 488 1664 meis,
511 1621 595 1671 nempe
611 1606 674 1655 horti
692 1609 768 1670 (notat
784 1606 921 1670 Jsoobius),
942 1605 992 1671 ojus
1008 1621 1079 1658 mann
1097 1621 1135 1657 ssu

33 1687 139 1739 artifieio
156 1690 180 1737 et
196 1687 261 1738 cultu
278 1687 336 1737 bens
352 1686 429 1742 aurati
446 1690 470 1736 st
485 1687 558 1737 lsetos
575 1689 668 1738 fructus
684 1690 791 1740 ferentes.

65 1778 112 1828 42.
148 1777 190 1827 Me
205 1782 287 1836 notat,
304 1776 392 1828 indioat
408 1777 460 1844 quis
478 1777 530 1827 sim.

64 1870 111 1919 46.
147 1868 184 1918 Ab
201 1874 294 1927 eventa,
314 1867 342 1917 ab
358 1884 385 1917 eo
402 1869 465 1934 quod
481 1867 559 1920 evenit
575 1872 615 1918 ant
632 1869 725 1920 aooidit.

64 1959 112 2007 49.
148 1957 220 2007 Codd.
237 1957 400 2020 Lyaosneds'us.
434 1957 528 2012 muniti
544 1957 592 2006 viri
608 1961 761 2023 reposuerunt
777 1957 946 2010 donamina.

66 2043 112 2097 55.
148 2045 221 2094 Codd.
239 2045 338 2095 addunt:

176 2132 179 2141 ’
254 2130 299 2178 Sex
316 2131 426 2194 superant
441 2143 534 2181 versus:
552 2131 587 2186 te,
605 2129 645 2194 qui
662 2128 690 2178 ad
707 2129 839 2178 vadimonis
855 2129 942 2189 curris,

288 2213 344 2261 Non
360 2227 452 2261 moror:
470 2211 527 2262 baso
544 2211 626 2277 spatiis
642 2211 726 2260 ultima
741 2214 805 2260 mata
821 2209 886 2260 mais.

36 2291 213 2358 interpolatum
235 2308 314 2343 censeo
337 2294 457 2342 inficetum
478 2293 613 2347 distishum.
649 2293 719 2343 Ovid.
741 2296 795 2343 Am.
818 2292 941 2352 111,15=
966 2293 1070 2342 dadam
1093 2295 1133 2343 his

33 2376 109 2441 eleqia
127 2374 214 2424 ultima
230 2379 293 2430 meta
310 2375 375 2426 meis.

66 2465 111 2516 59.
147 2465 221 2516 Codd
238 2483 274 2516 me
290 2471 340 2516 tam
356 2466 450 2518 docilis.
485 2465 656 2532 Hertzbergins
673 2464 805 2518 emendavit
821 2481 857 2516 me
873 2469 910 2515 tot
925 2464 1032 2516 dociam.

555 2777 617 2846 III.

364 2949 419 2998 BE
439 2949 637 3000 HERCULIS
657 2950 805 3002 bffllt'ffl.

296 3094 379 3154 (Codd.
404 3096 487 3144 Burm.
514 3096 545 3155 9,
573 3097 626 3145 IV:
653 3095 751 3146 Laohm.
777 3097 807 3154 9,
835 3095 875 3159 V.)

156 3266 417 3346 Amphitryonides
438 3284 497 3343 qna
517 3270 692 3343 tempestate
708 3267 852 3345 juvencos

54 3444 59 3450 ,
195 3372 307 3448 tigerat
327 3389 345 3430 a
365 3371 504 3448 stabulis,
525 3389 542 3430 o
562 3369 711 3448 Erythea,
732 3371 807 3450 tuis,

61 3461 63 3465 ⁸
156 3476 247 3537 Venit
267 3473 306 3534 sd
326 3473 457 3534 Invictus
477 3490 616 3549 pecorosa
635 3473 753 3535 Palatia
772 3478 941 3552 montanas
1026 3479 1029 3504 ⁷

196 3578 237 3639 nt
257 3575 362 3636 statuit
381 3573 474 3636 fessos
494 3574 590 3635 fessus
611 3578 641 3634 et
661 3575 725 3653 ipss
745 3575 852 3654 bovas,

155 3681 222 3758 Qus
242 3681 372 3742 Velabra
392 3697 444 3740 sno
464 3679 642 3756 stagnabant
662 3678 797 3760 flumina,
819 3697 935 3758 quaque
1113 3683 1131 3745 5

195 3787 297 3848 Nauta
316 3803 369 3863 per
388 3785 516 3845 urbanas
536 3781 704 3845 velificabat
724 3801 825 3860 aquas.
