2642 4396
687 285 746 342 216

288 459 425 537 Dignior,
445 457 564 533 oblique
583 456 683 517 funem
703 455 756 532 qui
776 457 912 530 torqueat
932 452 1029 532 Ocno,

328 561 533 637 Aetemusquc
552 563 635 621 tuam
654 564 773 639 paseat,
795 561 903 637 aselle,
924 558 1041 618 famem.
1234 561 1266 619 20

289 670 346 732 Dic
365 668 455 729 mihi:
476 686 546 728 num
567 671 684 728 teneres
704 668 765 727 urit
784 667 875 728 lorica
894 664 1045 727 lacertos?

331 771 410 833 Num
430 771 529 848 gravis
550 771 686 832 imbelles
707 771 808 831 atterit
828 769 916 831 hasta
935 769 1064 829 manus?

188 949 190 954 ,
292 875 374 935 Haec
393 877 516 935 noceant
534 873 648 951 petius,
669 890 758 952 quam
779 873 916 933 dentibus
936 873 999 932 ulla
1017 871 1121 948 puella

332 976 391 1036 Det
409 974 483 1035 mihi
502 975 658 1053 plorandas
678 993 732 1052 per
752 979 804 1034 tua
825 974 1014 1034 cella-netas.

292 1079 406 1140 Diceris
427 1084 457 1140 et
476 1080 569 1140 macie
590 1081 703 1139 vultum
724 1061 878 1157 tenuasse3
900 1078 953 1138 sed
973 1081 1055 1155 epto,
1233 1074 1264 1134 25

333 1181 359 1240 Ε
381 1181 527 1242 desiderio
548 1181 587 1242 sit
607 1182 685 1242 celer
705 1182 762 1242 iste
782 1199 857 1242 mee.

295 1281 336 1343 At
354 1281 428 1342 mihi
448 1301 513 1344 eum
533 1287 632 1344 nectes
653 1283 770 1342 induxit
791 1284 905 1362 Vesper
925 1302 1058 1362 amares,

336 1383 369 1444 Si
389 1402 464 1461 quae
484 1384 587 1447 relicta
602 1385 719 1463 jacent,
742 1387 857 1446 osculor
878 1405 958 1446 arma
978 1391 1039 1446 tua.

295 1489 373 1548 Tum
393 1505 498 1564 queror
517 1489 548 1547 in
569 1492 629 1548 tete
649 1507 707 1548 nen
728 1488 825 1548 sidere
846 1489 938 1565 pallia
959 1490 1052 1567 lecte,

335 1591 426 1652 Lucis
446 1595 476 1651 ct
495 1595 628 1651 auctores
647 1609 706 1652 nen
727 1591 798 1650 dare
819 1609 937 1652 carmen
957 1608 1037 1651 aves.
1230 1592 1263 1650 30

296 1694 438 1755 Noctibus
458 1691 589 1753 hibernis
610 1693 772 1753 castrensia
792 1711 885 1769 pensa
904 1694 1020 1772 labere,

336 1797 376 1856 nt
395 1797 490 1873 Tyria
509 1797 541 1880 in
560 1796 659 1856 radies
679 1798 791 1856 vellera
813 1801 894 1858 secta
914 1815 991 1857 sues.

298 1900 338 1960 Ilt
357 1899 453 1977 disee,
475 1917 534 1975 qua
553 1903 638 1976 parte
657 1900 731 1960 fluat
751 1900 913 1960 vincendus
933 1899 1063 1978 Araxes,

337 2002 415 2076 Quot
435 2001 499 2062 sine
519 2019 598 2077 aqua
617 2001 745 2062 Parthus
766 2003 849 2062 milia
870 2011 968 2063 currat
988 2018 1097 2080 eqnns3

297 2102 393 2166 Gener
413 2107 443 2162 ct
463 2120 480 2162 e
500 2102 602 2162 tabula
621 2102 715 2180 pictos
737 2103 867 2163 edissere
888 2102 1027 2181 mundes,
1230 2097 1262 2156 35

339 2205 443 2280 Qualis
464 2210 494 2266 et
513 2204 588 2267 haee
608 2207 686 2267 docti
707 2207 746 2267 sit
766 2204 897 2284 positura
918 2206 982 2286 dei3

298 2309 381 2386 Quae
401 2310 489 2370 tellus
510 2310 549 2370 sit
569 2311 649 2370 lenta
669 2311 753 2389 gelu,
775 2328 851 2386 quae
872 2310 966 2387 putris
988 2310 1026 2369 ab
1047 2313 1148 2386 aestu,

339 2413 453 2472 Ventus
472 2411 504 2471 in
524 2412 642 2472 ltaliam
663 2413 715 2488 qui
734 2414 810 2474 bene
831 2413 899 2472 vela
919 2411 1003 2473 serat.

299 2513 426 2574 Adsidet
445 2530 504 2573 nna
524 2531 618 2590 seror,
640 2514 718 2574 curis
739 2518 769 2574 et
789 2513 902 2591 pallida
921 2513 1021 2573 nubis

339 2616 458 2693 Pejerat
477 2615 594 2676 hiberni
614 2615 754 2691 temperis
774 2633 839 2676 esse
860 2633 964 2676 meras.
1010 2617 1011 2620 ’
1227 2609 1261 2667 40

300 2720 388 2780 Felix
407 2721 584 2797 Hippolyte!
605 2719 685 2778 nuda
707 2719 776 2781 tulit
796 2738 877 2779 arma
897 2719 1024 2797 papilla,
1140 2783 1142 2788 ,

340 2823 380 2883 Et
399 2823 474 2882 texit
494 2823 581 2898 galea
600 2823 728 2883 barbara
747 2823 835 2883 melle
857 2826 953 2898 eaput.

299 2927 440 2987 Romanis
460 2927 574 2986 utinam
594 2926 760 3002 patuissent
780 2931 877 2985 eastra
896 2926 1020 3003 puellis!

340 3031 445 3091 Essem
465 3030 589 3096 militiae
610 3031 726 3090 sarcina
747 3029 806 3089 fida
826 3033 911 3109 tuae3
975 3029 978 3038 '

300 3133 364 3194 Nec
384 3151 431 3193 me
452 3134 602 3194 tardarent
624 3133 765 3210 Scythiae
782 3135 873 3212 juga,
895 3152 960 3193 eum
980 3136 1066 3210 parat
1087 3133 1163 3192 altas
1226 3123 1257 3183 45

341 3235 447 3298 Arctus
468 3243 497 3298 et
518 3238 549 3297 in
569 3237 695 3314 glaciem
715 3238 823 3314 frigere
844 3239 936 3298 nectit
957 3254 1070 3313 aquas·

301 3337 404 3399 Omnis
425 3359 506 3400 amor
526 3359 665 3420 magnus3
688 3341 742 3402 sed
763 3342 900 3417 adempte
920 3342 952 3402 in
973 3341 1096 3418 conjuge
1116 3338 1214 3416 major:

341 3443 425 3502 Hanc
446 3444 566 3523 Venus,
587 3448 621 3503 nt
640 3444 738 3522 vivat,
759 3445 885 3504 ventilat
905 3444 971 3520 ipsa
990 3443 1095 3504 facem.

303 3543 381 3604 Nam
400 3544 473 3605 mihi
495 3563 569 3624 que,
590 3546 696 3608 Poenis
718 3547 744 3605 si
764 3564 893 3624 prnpura
912 3545 1024 3621 fulgeat
1046 3545 1146 3621 ostris,
1179 3603 1185 3628 ,

344 3644 567 3727 Crystallusque
588 3668 668 3711 meas
690 3655 773 3712 ornet
793 3668 905 3727 aquosa
924 3649 1051 3710 manus?
1223 3639 1254 3698 50
