<?xml version="1.0" encoding="UTF-8"?>
<!DOCTYPE html PUBLIC "-//W3C//DTD XHTML 1.0 Transitional//EN"
    "http://www.w3.org/TR/xhtml1/DTD/xhtml1-transitional.dtd">
<html xmlns="http://www.w3.org/1999/xhtml" xml:lang="en" lang="en">
 <head>
  <title>
</title>
<meta http-equiv="Content-Type" content="text/html;charset=utf-8" />
  <meta name='ocr-system' content='tesseract 3.04.00' />
  <meta name='ocr-capabilities' content='ocr_page ocr_carea ocr_par ocr_line ocrx_word'/>
</head>
<body>
  <div class='ocr_page' id='page_1' title='image "./cynthiacumlibro00carugoog_0030.png"; bbox 0 0 2640 4400; ppageno 0'>
   <div class='ocr_carea' id='block_1_1' title="bbox 292 529 894 842">
    <p class='ocr_par' dir='ltr' id='par_1_1' title="bbox 292 529 894 681">
     <span class='ocr_line' id='line_1_1' title="bbox 292 529 894 598; baseline 0.012 -19"><span class='ocrx_word' id='word_1_1' title='bbox 292 530 385 598; x_wconf 71' lang='lat' dir='ltr'>Quippe</span> <span class='ocrx_word' id='word_1_2' title='bbox 402 534 524 581; x_wconf 83' lang='lat' dir='ltr'>coronator</span> <span class='ocrx_word' id='word_1_3' title='bbox 540 529 641 582; x_wconf 82' lang='lat' dir='ltr'>alianum</span> <span class='ocrx_word' id='word_1_4' title='bbox 658 531 774 584; x_wconf 74' lang='lat' dir='ltr'>adlimam</span> <span class='ocrx_word' id='word_1_5' title='bbox 791 537 894 586; x_wconf 86' lang='lat' dir='ltr'>amantes</span> 
     </span>
     <span class='ocr_line' id='line_1_2' title="bbox 324 612 843 681; baseline 0.002 -17"><span class='ocrx_word' id='word_1_6' title='bbox 324 614 498 678; x_wconf 75' lang='lat' dir='ltr'>docturumque</span> <span class='ocrx_word' id='word_1_7' title='bbox 514 629 583 664; x_wconf 83' lang='lat' dir='ltr'>canes</span> <span class='ocrx_word' id='word_1_8' title='bbox 599 612 663 664; x_wconf 84' lang='lat' dir='ltr'>ebria</span> <span class='ocrx_word' id='word_1_9' title='bbox 679 613 746 680; x_wconf 75' lang='lat' dir='ltr'>signa</span> <span class='ocrx_word' id='word_1_10' title='bbox 761 616 843 681; x_wconf 74' lang='lat' dir='ltr'>fugas,</span> 
     </span>
    </p>

    <p class='ocr_par' dir='ltr' id='par_1_2' title="bbox 292 695 860 842">
     <span class='ocr_line' id='line_1_3' title="bbox 292 695 860 765; baseline 0.009 -22"><span class='ocrx_word' id='word_1_11' title='bbox 292 695 326 744; x_wconf 92' lang='lat' dir='ltr'>Ut</span> <span class='ocrx_word' id='word_1_12' title='bbox 341 711 384 761; x_wconf 83' lang='lat' dir='ltr'>par</span> <span class='ocrx_word' id='word_1_13' title='bbox 400 698 425 744; x_wconf 85' lang='lat' dir='ltr'>tc</span> <span class='ocrx_word' id='word_1_14' title='bbox 441 695 530 746; x_wconf 85' lang='lat' dir='ltr'>clausas</span> <span class='ocrx_word' id='word_1_15' title='bbox 547 696 604 747; x_wconf 85' lang='lat' dir='ltr'>scist</span> <span class='ocrx_word' id='word_1_16' title='bbox 620 701 742 748; x_wconf 70' lang='lat' dir='ltr'><strong>excantare</strong></span> <span class='ocrx_word' id='word_1_17' title='bbox 759 698 860 765; x_wconf 81' lang='lat' dir='ltr'>puellas,</span> 
     </span>
     <span class='ocr_line' id='line_1_4' title="bbox 323 776 809 842; baseline 0.01 -17"><span class='ocrx_word' id='word_1_18' title='bbox 323 776 371 842; x_wconf 73' lang='lat' dir='ltr'>Qui</span> <span class='ocrx_word' id='word_1_19' title='bbox 387 777 450 827; x_wconf 87' lang='lat' dir='ltr'>volet</span> <span class='ocrx_word' id='word_1_20' title='bbox 466 781 569 828; x_wconf 60' lang='lat' dir='ltr'>scabros</span> <span class='ocrx_word' id='word_1_21' title='bbox 586 781 636 829; x_wconf 81' lang='lat' dir='ltr'>arte</span> <span class='ocrx_word' id='word_1_22' title='bbox 652 780 721 829; x_wconf 81' lang='lat' dir='ltr'>ierim</span> <span class='ocrx_word' id='word_1_23' title='bbox 738 779 809 830; x_wconf 84' lang='lat' dir='ltr'>viras.</span> 
     </span>
    </p>
   </div>
   <div class='ocr_carea' id='block_1_2' title="bbox 65 875 1150 1161">
    <p class='ocr_par' dir='ltr' id='par_1_3' title="bbox 65 875 1150 1161">
     <span class='ocr_line' id='line_1_5' title="bbox 100 875 1150 956; baseline 0.009 -21"><span class='ocrx_word' id='word_1_24' title='bbox 100 875 222 937; x_wconf 89' lang='lat' dir='ltr'>Videtur</span> <span class='ocrx_word' id='word_1_25' title='bbox 239 879 337 937; x_wconf 90' lang='lat' dir='ltr'>tamen</span> <span class='ocrx_word' id='word_1_26' title='bbox 353 875 501 936; x_wconf 85' lang='lat' dir='ltr'>Romanas</span> <span class='ocrx_word' id='word_1_27' title='bbox 518 893 565 936; x_wconf 87' lang='lat' dir='ltr'>res</span> <span class='ocrx_word' id='word_1_28' title='bbox 576 880 675 952; x_wconf 80' lang='lat' dir='ltr'>gestas</span> <span class='ocrx_word' id='word_1_29' title='bbox 686 881 819 953; x_wconf 88' lang='lat' dir='ltr'>poemata</span> <span class='ocrx_word' id='word_1_30' title='bbox 831 895 977 956; x_wconf 78' lang='lat' dir='ltr'>exponere</span> <span class='ocrx_word' id='word_1_31' title='bbox 987 880 1150 944; x_wconf 88' lang='lat' dir='ltr'>imtituisse</span> 
     </span>
     <span class='ocr_line' id='line_1_6' title="bbox 65 975 1148 1063; baseline 0.004 -24"><span class='ocrx_word' id='word_1_32' title='bbox 65 979 97 1039; x_wconf 86' lang='lat' dir='ltr'>ad</span> <span class='ocrx_word' id='word_1_33' title='bbox 115 979 204 1039; x_wconf 79' lang='lat' dir='ltr'>Ennii</span> <span class='ocrx_word' id='word_1_34' title='bbox 217 978 390 1055; x_wconf 84' lang='lat' dir='ltr'>exemplar:</span> <span class='ocrx_word' id='word_1_35' title='bbox 414 975 493 1038; x_wconf 83' lang='lat' dir='ltr'><strong><em>Unde</em></strong></span> <span class='ocrx_word' id='word_1_36' title='bbox 508 985 592 1056; x_wconf 86' lang='lat' dir='ltr'>poter</span> <span class='ocrx_word' id='word_1_37' title='bbox 610 977 711 1038; x_wconf 80' lang='lat' dir='ltr'>sitiens</span> <span class='ocrx_word' id='word_1_38' title='bbox 730 977 845 1040; x_wconf 77' lang='lat' dir='ltr'>Ennius</span> <span class='ocrx_word' id='word_1_39' title='bbox 863 987 930 1041; x_wconf 87' lang='lat' dir='ltr'>onte</span> <span class='ocrx_word' id='word_1_40' title='bbox 949 981 1020 1043; x_wconf 81' lang='lat' dir='ltr'>bibit</span> <span class='ocrx_word' id='word_1_41' title='bbox 1031 981 1090 1063; x_wconf 76' lang='lat' dir='ltr'>(El.</span> <span class='ocrx_word' id='word_1_42' title='bbox 1101 982 1148 1062; x_wconf 92' lang='lat'>11,</span> 
     </span>
     <span class='ocr_line' id='line_1_7' title="bbox 66 1077 480 1161; baseline 0 -23"><span class='ocrx_word' id='word_1_43' title='bbox 66 1079 123 1140; x_wconf 88' lang='lat' dir='ltr'><strong>Lib.</strong></span> <span class='ocrx_word' id='word_1_44' title='bbox 143 1077 256 1161; x_wconf 81' lang='lat' dir='ltr'>Tert);</span> <span class='ocrx_word' id='word_1_45' title='bbox 276 1083 308 1139; x_wconf 86' lang='lat' dir='ltr'>at</span> <span class='ocrx_word' id='word_1_46' title='bbox 327 1077 480 1139; x_wconf 89' lang='lat' dir='ltr'>Phoebus:</span> 
     </span>
    </p>
   </div>
   <div class='ocr_carea' id='block_1_3' title="bbox 4 1179 1148 2264">
    <p class='ocr_par' dir='ltr' id='par_1_4' title="bbox 4 1179 1148 1648">
     <span class='ocr_line' id='line_1_8' title="bbox 289 1179 977 1264; baseline 0.006 -18"><span class='ocrx_word' id='word_1_47' title='bbox 289 1195 353 1261; x_wconf 77' lang='lat' dir='ltr'>qno</span> <span class='ocrx_word' id='word_1_48' title='bbox 368 1196 412 1246; x_wconf 74' lang='lat' dir='ltr'>osi</span> <span class='ocrx_word' id='word_1_49' title='bbox 430 1212 482 1246; x_wconf 67' lang='lat' dir='ltr'>sum</span> <span class='ocrx_word' id='word_1_50' title='bbox 499 1195 555 1256; x_wconf 77' lang='lat' dir='ltr'>em,</span> <span class='ocrx_word' id='word_1_51' title='bbox 572 1195 676 1256; x_wconf 68' lang='lat' dir='ltr'>omns,</span> <span class='ocrx_word' id='word_1_52' title='bbox 694 1179 858 1248; x_wconf 71' lang='lat' dir='ltr'>aerumma</span> <span class='ocrx_word' id='word_1_53' title='bbox 877 1198 936 1264; x_wconf 73' lang='lat' dir='ltr'>qm</span> <span class='ocrx_word' id='word_1_54' title='bbox 953 1203 977 1250; x_wconf 76' lang='lat' dir='ltr'>e</span> 
     </span>
     <span class='ocr_line' id='line_1_9' title="bbox 323 1277 862 1346; baseline 0.006 -19"><span class='ocrx_word' id='word_1_55' title='bbox 323 1278 440 1328; x_wconf 74' lang='lat' dir='ltr'><strong>Carminis</strong></span> <span class='ocrx_word' id='word_1_56' title='bbox 456 1277 522 1327; x_wconf 86' lang='lat' dir='ltr'>heroi</span> <span class='ocrx_word' id='word_1_57' title='bbox 539 1280 635 1343; x_wconf 80' lang='lat' dir='ltr'>tangere</span> <span class='ocrx_word' id='word_1_58' title='bbox 648 1278 720 1343; x_wconf 87' lang='lat' dir='ltr'>jussit</span> <span class='ocrx_word' id='word_1_59' title='bbox 737 1284 812 1346; x_wconf 76' lang='lat' dir='ltr'>opust</span> <span class='ocrx_word' id='word_1_60' title='bbox 831 1319 837 1332; x_wconf 92' lang='lat'>.</span> <span class='ocrx_word' id='word_1_61' title='bbox 856 1319 862 1330; x_wconf 94' lang='lat'>.</span> 
     </span>
     <span class='ocr_line' id='line_1_10' title="bbox 288 1359 876 1426; baseline 0.005 -16"><span class='ocrx_word' id='word_1_62' title='bbox 288 1359 356 1410; x_wconf 76' lang='lat' dir='ltr'>Alter</span> <span class='ocrx_word' id='word_1_63' title='bbox 372 1375 450 1412; x_wconf 86' lang='lat' dir='ltr'>remus</span> <span class='ocrx_word' id='word_1_64' title='bbox 467 1375 550 1426; x_wconf 86' lang='lat' dir='ltr'>aquas,</span> <span class='ocrx_word' id='word_1_65' title='bbox 569 1359 628 1410; x_wconf 85' lang='lat' dir='ltr'>alter</span> <span class='ocrx_word' id='word_1_66' title='bbox 644 1360 688 1410; x_wconf 89' lang='lat' dir='ltr'>tibi</span> <span class='ocrx_word' id='word_1_67' title='bbox 704 1360 772 1410; x_wconf 85' lang='lat' dir='ltr'>radat</span> <span class='ocrx_word' id='word_1_68' title='bbox 788 1377 876 1413; x_wconf 76' lang='lat' dir='ltr'>manas</span> 
     </span>
     <span class='ocr_line' id='line_1_11' title="bbox 66 1465 1148 1544; baseline 0.005 -17"><span class='ocrx_word' id='word_1_69' title='bbox 66 1468 128 1528; x_wconf 90' lang='lat' dir='ltr'>Ideo</span> <span class='ocrx_word' id='word_1_70' title='bbox 155 1465 321 1544; x_wconf 80' lang='lat' dir='ltr'>grandioris</span> <span class='ocrx_word' id='word_1_71' title='bbox 347 1465 445 1543; x_wconf 90' lang='lat' dir='ltr'>operis</span> <span class='ocrx_word' id='word_1_72' title='bbox 469 1465 639 1544; x_wconf 86' lang='lat' dir='ltr'>consilium,</span> <span class='ocrx_word' id='word_1_73' title='bbox 667 1466 693 1526; x_wconf 92' lang='lat' dir='ltr'>si</span> <span class='ocrx_word' id='word_1_74' title='bbox 721 1484 852 1543; x_wconf 78' lang='lat' dir='ltr'>unquam</span> <span class='ocrx_word' id='word_1_75' title='bbox 880 1468 957 1530; x_wconf 88' lang='lat' dir='ltr'>serio</span> <span class='ocrx_word' id='word_1_76' title='bbox 976 1467 1032 1530; x_wconf 83' lang='lat' dir='ltr'>init</span> <span class='ocrx_word' id='word_1_77' title='bbox 1052 1475 1148 1532; x_wconf 84' lang='lat' dir='ltr'>menta</span> 
     </span>
     <span class='ocr_line' id='line_1_12' title="bbox 4 1567 345 1648; baseline -0.012 -17"><span class='ocrx_word' id='word_1_78' title='bbox 4 1597 5 1600; x_wconf 40' lang='lat'>¹</span> <span class='ocrx_word' id='word_1_79' title='bbox 65 1575 242 1648; x_wconf 86' lang='lat' dir='ltr'>conceptum,</span> <span class='ocrx_word' id='word_1_80' title='bbox 263 1567 345 1629; x_wconf 90' lang='lat' dir='ltr'>abiit.</span> 
     </span>
    </p>

    <p class='ocr_par' dir='ltr' id='par_1_5' title="bbox 4 1671 1148 2264">
     <span class='ocr_line' id='line_1_13' title="bbox 99 1671 1148 1752; baseline 0 -17"><span class='ocrx_word' id='word_1_81' title='bbox 99 1673 211 1752; x_wconf 78' lang='lat' dir='ltr'>Operae</span> <span class='ocrx_word' id='word_1_82' title='bbox 234 1691 311 1732; x_wconf 90' lang='lat' dir='ltr'>nunc</span> <span class='ocrx_word' id='word_1_83' title='bbox 335 1671 463 1749; x_wconf 85' lang='lat' dir='ltr'>pretium</span> <span class='ocrx_word' id='word_1_84' title='bbox 488 1671 545 1732; x_wconf 88' lang='lat' dir='ltr'>erit</span> <span class='ocrx_word' id='word_1_85' title='bbox 570 1672 676 1747; x_wconf 87' lang='lat' dir='ltr'>quibus</span> <span class='ocrx_word' id='word_1_86' title='bbox 702 1672 788 1732; x_wconf 88' lang='lat' dir='ltr'>annis</span> <span class='ocrx_word' id='word_1_87' title='bbox 813 1677 873 1733; x_wconf 89' lang='lat' dir='ltr'>tres</span> <span class='ocrx_word' id='word_1_88' title='bbox 903 1673 972 1734; x_wconf 87' lang='lat' dir='ltr'>libri</span> <span class='ocrx_word' id='word_1_89' title='bbox 1007 1672 1148 1751; x_wconf 76' lang='lat' dir='ltr'>Cynthiae</span> 
     </span>
     <span class='ocr_line' id='line_1_14' title="bbox 63 1773 1146 1854; baseline -0.001 -16"><span class='ocrx_word' id='word_1_90' title='bbox 63 1778 158 1854; x_wconf 88' lang='lat' dir='ltr'>scripti</span> <span class='ocrx_word' id='word_1_91' title='bbox 183 1781 273 1853; x_wconf 86' lang='lat' dir='ltr'>atque</span> <span class='ocrx_word' id='word_1_92' title='bbox 300 1774 373 1835; x_wconf 87' lang='lat' dir='ltr'>editi</span> <span class='ocrx_word' id='word_1_93' title='bbox 399 1773 523 1852; x_wconf 85' lang='lat' dir='ltr'>fuerint,</span> <span class='ocrx_word' id='word_1_94' title='bbox 544 1773 700 1850; x_wconf 79' lang='lat' dir='ltr'>inquirere.</span> <span class='ocrx_word' id='word_1_95' title='bbox 743 1773 789 1833; x_wconf 83' lang='lat' dir='ltr'>Ad</span> <span class='ocrx_word' id='word_1_96' title='bbox 811 1791 899 1850; x_wconf 88' lang='lat' dir='ltr'>quam</span> <span class='ocrx_word' id='word_1_97' title='bbox 920 1775 1146 1852; x_wconf 86' lang='lat' dir='ltr'>disputationem</span> 
     </span>
     <span class='ocr_line' id='line_1_15' title="bbox 4 1878 604 1962; baseline -0.012 -19"><span class='ocrx_word' id='word_1_98' title='bbox 4 1959 5 1962; x_wconf 8' lang='grc' dir='ltr'><strong>Ἴ</strong></span> <span class='ocrx_word' id='word_1_99' title='bbox 60 1882 205 1959; x_wconf 88' lang='lat' dir='ltr'>superiora</span> <span class='ocrx_word' id='word_1_100' title='bbox 224 1879 309 1940; x_wconf 87' lang='lat' dir='ltr'>nobis</span> <span class='ocrx_word' id='word_1_101' title='bbox 328 1878 408 1938; x_wconf 85' lang='lat' dir='ltr'>riam</span> <span class='ocrx_word' id='word_1_102' title='bbox 428 1881 604 1938; x_wconf 88' lang='lat' dir='ltr'>straverunt.</span> 
     </span>
     <span class='ocr_line' id='line_1_16' title="bbox 4 1977 1145 2060; baseline -0.002 -16"><span class='ocrx_word' id='word_1_103' title='bbox 4 1977 5 2008; x_wconf 62' lang='lat'>¹</span> <span class='ocrx_word' id='word_1_104' title='bbox 98 1985 216 2044; x_wconf 76' lang='lat' dir='ltr'>Praeter</span> <span class='ocrx_word' id='word_1_105' title='bbox 235 1985 354 2060; x_wconf 89' lang='lat' dir='ltr'>propter</span> <span class='ocrx_word' id='word_1_106' title='bbox 373 1981 591 2042; x_wconf 88' lang='lat' dir='ltr'>undevicesimo</span> <span class='ocrx_word' id='word_1_107' title='bbox 608 1983 714 2042; x_wconf 86' lang='lat' dir='ltr'>aetatis</span> <span class='ocrx_word' id='word_1_108' title='bbox 732 2001 809 2043; x_wconf 91' lang='lat' dir='ltr'>anno</span> <span class='ocrx_word' id='word_1_109' title='bbox 825 1983 995 2059; x_wconf 81' lang='lat' dir='ltr'>Propertius</span> <span class='ocrx_word' id='word_1_110' title='bbox 1013 1982 1052 2042; x_wconf 86' lang='lat' dir='ltr'>ad</span> <span class='ocrx_word' id='word_1_111' title='bbox 1069 1979 1145 2059; x_wconf 81' lang='lat' dir='ltr'>Oyn-</span> 
     </span>
     <span class='ocr_line' id='line_1_17' title="bbox 60 2081 1147 2165; baseline -0.003 -17"><span class='ocrx_word' id='word_1_112' title='bbox 60 2088 148 2148; x_wconf 87' lang='lat' dir='ltr'>thiam</span> <span class='ocrx_word' id='word_1_113' title='bbox 168 2087 302 2165; x_wconf 87' lang='lat' dir='ltr'>devenit,</span> <span class='ocrx_word' id='word_1_114' title='bbox 323 2084 463 2145; x_wconf 89' lang='lat' dir='ltr'>videlieet</span> <span class='ocrx_word' id='word_1_115' title='bbox 483 2101 560 2144; x_wconf 88' lang='lat' dir='ltr'>anno</span> <span class='ocrx_word' id='word_1_116' title='bbox 580 2101 609 2143; x_wconf 90' lang='lat' dir='ltr'>u.</span> <span class='ocrx_word' id='word_1_117' title='bbox 631 2101 655 2143; x_wconf 89' lang='lat' dir='ltr'>c.</span> <span class='ocrx_word' id='word_1_118' title='bbox 677 2081 880 2144; x_wconf 81' lang='lat' dir='ltr'>DOOXXXII.</span> <span class='ocrx_word' id='word_1_119' title='bbox 917 2083 1032 2145; x_wconf 80' lang='lat' dir='ltr'>Amoris</span> <span class='ocrx_word' id='word_1_120' title='bbox 1052 2085 1147 2162; x_wconf 91' lang='lat' dir='ltr'>prima</span> 
     </span>
     <span class='ocr_line' id='line_1_18' title="bbox 60 2186 1088 2264; baseline -0.002 -14"><span class='ocrx_word' id='word_1_121' title='bbox 60 2190 173 2252; x_wconf 84' lang='lat' dir='ltr'>foedera</span> <span class='ocrx_word' id='word_1_122' title='bbox 193 2191 225 2250; x_wconf 90' lang='lat' dir='ltr'>in</span> <span class='ocrx_word' id='word_1_123' title='bbox 245 2189 292 2248; x_wconf 82' lang='lat' dir='ltr'>El.</span> <span class='ocrx_word' id='word_1_124' title='bbox 314 2187 360 2246; x_wconf 90' lang='lat'>111</span> <span class='ocrx_word' id='word_1_125' title='bbox 379 2187 468 2247; x_wconf 92' lang='lat' dir='ltr'>Prim.</span> <span class='ocrx_word' id='word_1_126' title='bbox 490 2187 565 2246; x_wconf 90' lang='lat' dir='ltr'>inita</span> <span class='ocrx_word' id='word_1_127' title='bbox 585 2186 789 2247; x_wconf 87' lang='lat' dir='ltr'>describuntur</span> <span class='ocrx_word' id='word_1_128' title='bbox 809 2186 922 2248; x_wconf 87' lang='lat' dir='ltr'>aestivo</span> <span class='ocrx_word' id='word_1_129' title='bbox 942 2191 1088 2264; x_wconf 90' lang='lat' dir='ltr'>tempore:</span> 
     </span>
    </p>
   </div>
   <div class='ocr_carea' id='block_1_4' title="bbox 59 2303 1145 3807">
    <p class='ocr_par' dir='ltr' id='par_1_6' title="bbox 288 2303 942 2445">
     <span class='ocr_line' id='line_1_19' title="bbox 288 2303 942 2371; baseline 0 -17"><span class='ocrx_word' id='word_1_130' title='bbox 288 2306 323 2354; x_wconf 84' lang='lat' dir='ltr'>&#39;Pu</span> <span class='ocrx_word' id='word_1_131' title='bbox 340 2319 443 2370; x_wconf 87' lang='lat' dir='ltr'>quoqne,</span> <span class='ocrx_word' id='word_1_132' title='bbox 460 2304 500 2369; x_wconf 89' lang='lat' dir='ltr'>qui</span> <span class='ocrx_word' id='word_1_133' title='bbox 517 2303 616 2354; x_wconf 83' lang='lat' dir='ltr'>aestivos</span> <span class='ocrx_word' id='word_1_134' title='bbox 633 2305 758 2371; x_wconf 74' lang='lat' dir='ltr'>spatiosius</span> <span class='ocrx_word' id='word_1_135' title='bbox 776 2305 849 2369; x_wconf 80' lang='lat' dir='ltr'>exigis</span> <span class='ocrx_word' id='word_1_136' title='bbox 866 2304 942 2369; x_wconf 78' lang='lat' dir='ltr'>ignes,</span> 
     </span>
     <span class='ocr_line' id='line_1_20' title="bbox 322 2384 849 2445; baseline 0 -9"><span class='ocrx_word' id='word_1_137' title='bbox 322 2384 428 2445; x_wconf 80' lang='lat' dir='ltr'>Phoebe,</span> <span class='ocrx_word' id='word_1_138' title='bbox 445 2390 578 2436; x_wconf 84' lang='lat' dir='ltr'>moraturae</span> <span class='ocrx_word' id='word_1_139' title='bbox 594 2389 706 2444; x_wconf 73' lang='lat' dir='ltr'>conuahe</span> <span class='ocrx_word' id='word_1_140' title='bbox 721 2387 780 2438; x_wconf 87' lang='lat' dir='ltr'>lucis</span> <span class='ocrx_word' id='word_1_141' title='bbox 796 2388 849 2436; x_wconf 86' lang='lat' dir='ltr'>iter.</span> 
     </span>
    </p>

    <p class='ocr_par' dir='ltr' id='par_1_7' title="bbox 60 2489 1145 2979">
     <span class='ocr_line' id='line_1_21' title="bbox 60 2489 1145 2572; baseline 0.004 -20"><span class='ocrx_word' id='word_1_142' title='bbox 60 2491 129 2552; x_wconf 75' lang='lat' dir='ltr'>(inm</span> <span class='ocrx_word' id='word_1_143' title='bbox 156 2489 291 2551; x_wconf 79' lang='lat' dir='ltr'>Tertium</span> <span class='ocrx_word' id='word_1_144' title='bbox 318 2491 425 2552; x_wconf 88' lang='lat' dir='ltr'>librum</span> <span class='ocrx_word' id='word_1_145' title='bbox 444 2492 639 2572; x_wconf 78' lang='lat' dir='ltr'>condidisset,</span> <span class='ocrx_word' id='word_1_146' title='bbox 656 2493 720 2571; x_wconf 88' lang='lat' dir='ltr'>jam</span> <span class='ocrx_word' id='word_1_147' title='bbox 737 2493 798 2554; x_wconf 87' lang='lat' dir='ltr'>fere</span> <span class='ocrx_word' id='word_1_148' title='bbox 818 2511 872 2570; x_wconf 91' lang='lat' dir='ltr'>per</span> <span class='ocrx_word' id='word_1_149' title='bbox 891 2493 1048 2555; x_wconf 83' lang='lat' dir='ltr'>triennium</span> <span class='ocrx_word' id='word_1_150' title='bbox 1068 2494 1145 2572; x_wconf 75' lang='lat' dir='ltr'>Gyn-</span> 
     </span>
     <span class='ocr_line' id='line_1_22' title="bbox 61 2595 1144 2674; baseline 0.005 -19"><span class='ocrx_word' id='word_1_151' title='bbox 61 2596 148 2656; x_wconf 87' lang='lat' dir='ltr'>thiam</span> <span class='ocrx_word' id='word_1_152' title='bbox 166 2595 330 2673; x_wconf 81' lang='lat' dir='ltr'>deperibat.</span> <span class='ocrx_word' id='word_1_153' title='bbox 358 2595 456 2669; x_wconf 79' lang='lat' dir='ltr'>Quare</span> <span class='ocrx_word' id='word_1_154' title='bbox 476 2597 587 2674; x_wconf 90' lang='lat' dir='ltr'>primus</span> <span class='ocrx_word' id='word_1_155' title='bbox 608 2601 638 2657; x_wconf 86' lang='lat' dir='ltr'>et</span> <span class='ocrx_word' id='word_1_156' title='bbox 658 2599 734 2658; x_wconf 82' lang='lat' dir='ltr'>alter</span> <span class='ocrx_word' id='word_1_157' title='bbox 753 2598 847 2658; x_wconf 87' lang='lat' dir='ltr'>tribus</span> <span class='ocrx_word' id='word_1_158' title='bbox 868 2599 953 2660; x_wconf 88' lang='lat' dir='ltr'>annis</span> <span class='ocrx_word' id='word_1_159' title='bbox 968 2599 1038 2661; x_wconf 83' lang='lat' dir='ltr'>iacti</span> <span class='ocrx_word' id='word_1_160' title='bbox 1059 2600 1144 2660; x_wconf 88' lang='lat' dir='ltr'>emis-</span> 
     </span>
     <span class='ocr_line' id='line_1_23' title="bbox 61 2698 1145 2780; baseline 0.002 -22"><span class='ocrx_word' id='word_1_161' title='bbox 61 2700 140 2775; x_wconf 88' lang='lat' dir='ltr'>sique</span> <span class='ocrx_word' id='word_1_162' title='bbox 159 2698 250 2758; x_wconf 86' lang='lat' dir='ltr'>fnere.</span> <span class='ocrx_word' id='word_1_163' title='bbox 281 2698 450 2760; x_wconf 76' lang='lat' dir='ltr'>versiculus</span> <span class='ocrx_word' id='word_1_164' title='bbox 471 2701 592 2760; x_wconf 90' lang='lat' dir='ltr'>ultimae</span> <span class='ocrx_word' id='word_1_165' title='bbox 613 2700 652 2759; x_wconf 86' lang='lat' dir='ltr'>ad</span> <span class='ocrx_word' id='word_1_166' title='bbox 669 2699 827 2777; x_wconf 75' lang='lat' dir='ltr'>Cynthium</span> <span class='ocrx_word' id='word_1_167' title='bbox 849 2701 980 2780; x_wconf 80' lang='lat' dir='ltr'>Quinque</span> <span class='ocrx_word' id='word_1_168' title='bbox 997 2700 1049 2762; x_wconf 80' lang='lat' dir='ltr'>tibi</span> <span class='ocrx_word' id='word_1_169' title='bbox 1062 2700 1145 2778; x_wconf 80' lang='lat' dir='ltr'>potui</span> 
     </span>
     <span class='ocr_line' id='line_1_24' title="bbox 61 2801 1144 2881; baseline 0.006 -23"><span class='ocrx_word' id='word_1_170' title='bbox 61 2802 161 2862; x_wconf 82' lang='lat' dir='ltr'>servire</span> <span class='ocrx_word' id='word_1_171' title='bbox 188 2801 314 2881; x_wconf 74' lang='lat' dir='ltr'>fideliter</span> <span class='ocrx_word' id='word_1_172' title='bbox 340 2821 432 2863; x_wconf 83' lang='lat' dir='ltr'>nonos</span> <span class='ocrx_word' id='word_1_173' title='bbox 458 2804 593 2864; x_wconf 83' lang='lat' dir='ltr'>Tertium</span> <span class='ocrx_word' id='word_1_174' title='bbox 614 2802 720 2864; x_wconf 91' lang='lat' dir='ltr'>librum</span> <span class='ocrx_word' id='word_1_175' title='bbox 748 2803 860 2866; x_wconf 86' lang='lat' dir='ltr'>duobus</span> <span class='ocrx_word' id='word_1_176' title='bbox 889 2805 974 2864; x_wconf 88' lang='lat' dir='ltr'>annis</span> <span class='ocrx_word' id='word_1_177' title='bbox 999 2803 1144 2865; x_wconf 89' lang='lat' dir='ltr'>adfinem</span> 
     </span>
     <span class='ocr_line' id='line_1_25' title="bbox 60 2905 386 2979; baseline 0.006 -16"><span class='ocrx_word' id='word_1_178' title='bbox 60 2905 227 2979; x_wconf 88' lang='lat' dir='ltr'>perductum</span> <span class='ocrx_word' id='word_1_179' title='bbox 246 2905 386 2965; x_wconf 80' lang='lat' dir='ltr'>declarat</span> 
     </span>
    </p>

    <p class='ocr_par' dir='ltr' id='par_1_8' title="bbox 59 3006 1145 3807">
     <span class='ocr_line' id='line_1_26' title="bbox 96 3006 1144 3088; baseline 0 -20"><span class='ocrx_word' id='word_1_180' title='bbox 96 3009 211 3069; x_wconf 89' lang='lat' dir='ltr'>Primus</span> <span class='ocrx_word' id='word_1_181' title='bbox 232 3009 393 3069; x_wconf 80' lang='lat' dir='ltr'>absolvitur</span> <span class='ocrx_word' id='word_1_182' title='bbox 413 3009 558 3086; x_wconf 84' lang='lat' dir='ltr'>Propertii</span> <span class='ocrx_word' id='word_1_183' title='bbox 578 3009 710 3072; x_wconf 87' lang='lat' dir='ltr'>discessu</span> <span class='ocrx_word' id='word_1_184' title='bbox 730 3010 768 3070; x_wconf 88' lang='lat' dir='ltr'>ab</span> <span class='ocrx_word' id='word_1_185' title='bbox 785 3011 856 3071; x_wconf 87' lang='lat' dir='ltr'>urbe</span> <span class='ocrx_word' id='word_1_186' title='bbox 874 3013 941 3088; x_wconf 88' lang='lat' dir='ltr'>post</span> <span class='ocrx_word' id='word_1_187' title='bbox 955 3009 1089 3084; x_wconf 87' lang='lat' dir='ltr'>querelas</span> <span class='ocrx_word' id='word_1_188' title='bbox 1106 3006 1144 3068; x_wconf 90' lang='lat' dir='ltr'>de</span> 
     </span>
     <span class='ocr_line' id='line_1_27' title="bbox 59 3111 1144 3189; baseline 0.003 -21"><span class='ocrx_word' id='word_1_189' title='bbox 59 3111 194 3172; x_wconf 86' lang='lat' dir='ltr'>Praetore</span> <span class='ocrx_word' id='word_1_190' title='bbox 222 3111 339 3188; x_wconf 81' lang='lat' dir='ltr'>llyrico.</span> <span class='ocrx_word' id='word_1_191' title='bbox 368 3111 499 3189; x_wconf 82' lang='lat' dir='ltr'>Tempus</span> <span class='ocrx_word' id='word_1_192' title='bbox 520 3113 557 3173; x_wconf 86' lang='lat' dir='ltr'>ab</span> <span class='ocrx_word' id='word_1_193' title='bbox 578 3113 685 3174; x_wconf 87' lang='lat' dir='ltr'>amoris</span> <span class='ocrx_word' id='word_1_194' title='bbox 705 3114 790 3174; x_wconf 92' lang='lat' dir='ltr'>initio</span> <span class='ocrx_word' id='word_1_195' title='bbox 810 3113 923 3176; x_wconf 87' lang='lat' dir='ltr'>adhoc</span> <span class='ocrx_word' id='word_1_196' title='bbox 944 3129 1037 3189; x_wconf 86' lang='lat' dir='ltr'>usque</span> <span class='ocrx_word' id='word_1_197' title='bbox 1057 3112 1144 3173; x_wconf 89' lang='lat' dir='ltr'>disci·</span> 
     </span>
     <span class='ocr_line' id='line_1_28' title="bbox 59 3211 1145 3292; baseline 0.002 -20"><span class='ocrx_word' id='word_1_198' title='bbox 59 3213 135 3274; x_wconf 88' lang='lat' dir='ltr'>dium</span> <span class='ocrx_word' id='word_1_199' title='bbox 162 3214 250 3274; x_wconf 89' lang='lat' dir='ltr'>unius</span> <span class='ocrx_word' id='word_1_200' title='bbox 278 3217 308 3272; x_wconf 90' lang='lat' dir='ltr'>et</span> <span class='ocrx_word' id='word_1_201' title='bbox 335 3213 451 3274; x_wconf 89' lang='lat' dir='ltr'>dimidii</span> <span class='ocrx_word' id='word_1_202' title='bbox 472 3214 541 3274; x_wconf 87' lang='lat' dir='ltr'>anni</span> <span class='ocrx_word' id='word_1_203' title='bbox 562 3215 690 3291; x_wconf 85' lang='lat' dir='ltr'>spatium</span> <span class='ocrx_word' id='word_1_204' title='bbox 710 3216 863 3292; x_wconf 92' lang='lat' dir='ltr'>complecti</span> <span class='ocrx_word' id='word_1_205' title='bbox 885 3211 1029 3276; x_wconf 80' lang='lat' dir='ltr'>evincitur</span> <span class='ocrx_word' id='word_1_206' title='bbox 1048 3233 1066 3275; x_wconf 88' lang='lat' dir='ltr'>a</span> <span class='ocrx_word' id='word_1_207' title='bbox 1086 3214 1145 3274; x_wconf 89' lang='lat' dir='ltr'>VII</span> 
     </span>
     <span class='ocr_line' id='line_1_29' title="bbox 59 3316 1144 3396; baseline 0.004 -22"><span class='ocrx_word' id='word_1_208' title='bbox 59 3319 85 3374; x_wconf 89' lang='lat' dir='ltr'>et</span> <span class='ocrx_word' id='word_1_209' title='bbox 110 3316 228 3376; x_wconf 86' lang='lat' dir='ltr'>XXVII</span> <span class='ocrx_word' id='word_1_210' title='bbox 254 3317 365 3396; x_wconf 87' lang='lat' dir='ltr'>Primi,</span> <span class='ocrx_word' id='word_1_211' title='bbox 395 3335 471 3394; x_wconf 90' lang='lat' dir='ltr'>quae</span> <span class='ocrx_word' id='word_1_212' title='bbox 499 3318 646 3380; x_wconf 85' lang='lat' dir='ltr'>Praetoris</span> <span class='ocrx_word' id='word_1_213' title='bbox 674 3319 705 3380; x_wconf 89' lang='lat' dir='ltr'>in</span> <span class='ocrx_word' id='word_1_214' title='bbox 732 3319 855 3396; x_wconf 84' lang='lat' dir='ltr'>llyrium</span> <span class='ocrx_word' id='word_1_215' title='bbox 882 3318 1089 3396; x_wconf 83' lang='lat' dir='ltr'>profectionem</span> <span class='ocrx_word' id='word_1_216' title='bbox 1114 3322 1144 3379; x_wconf 91' lang='lat' dir='ltr'>et</span> 
     </span>
     <span class='ocr_line' id='line_1_30' title="bbox 59 3418 1144 3500; baseline 0.006 -25"><span class='ocrx_word' id='word_1_217' title='bbox 59 3418 181 3478; x_wconf 86' lang='lat' dir='ltr'>reditum</span> <span class='ocrx_word' id='word_1_218' title='bbox 207 3419 238 3480; x_wconf 90' lang='lat' dir='ltr'>in</span> <span class='ocrx_word' id='word_1_219' title='bbox 263 3420 373 3480; x_wconf 88' lang='lat' dir='ltr'>Urbem</span> <span class='ocrx_word' id='word_1_220' title='bbox 403 3425 573 3482; x_wconf 89' lang='lat' dir='ltr'>memorant.</span> <span class='ocrx_word' id='word_1_221' title='bbox 604 3421 741 3483; x_wconf 84' lang='lat' dir='ltr'>Annnnm</span> <span class='ocrx_word' id='word_1_222' title='bbox 772 3423 850 3483; x_wconf 91' lang='lat' dir='ltr'>enim</span> <span class='ocrx_word' id='word_1_223' title='bbox 879 3426 941 3484; x_wconf 85' lang='lat' dir='ltr'>crat</span> <span class='ocrx_word' id='word_1_224' title='bbox 967 3422 1144 3500; x_wconf 88' lang='lat' dir='ltr'>praetorium</span> 
     </span>
     <span class='ocr_line' id='line_1_31' title="bbox 59 3519 1144 3605; baseline 0.007 -25"><span class='ocrx_word' id='word_1_225' title='bbox 59 3539 168 3583; x_wconf 90' lang='lat' dir='ltr'>munus.</span> <span class='ocrx_word' id='word_1_226' title='bbox 211 3522 271 3583; x_wconf 86' lang='lat' dir='ltr'>Vix</span> <span class='ocrx_word' id='word_1_227' title='bbox 296 3523 405 3584; x_wconf 87' lang='lat' dir='ltr'>tradito</span> <span class='ocrx_word' id='word_1_228' title='bbox 430 3519 556 3604; x_wconf 81' lang='lat' dir='ltr'>Primo,¹</span> <span class='ocrx_word' id='word_1_229' title='bbox 572 3543 663 3601; x_wconf 89' lang='lat' dir='ltr'>quum</span> <span class='ocrx_word' id='word_1_230' title='bbox 687 3525 769 3586; x_wconf 86' lang='lat' dir='ltr'>ferox</span> <span class='ocrx_word' id='word_1_231' title='bbox 784 3526 920 3605; x_wconf 86' lang='lat' dir='ltr'>juvenis,</span> <span class='ocrx_word' id='word_1_232' title='bbox 942 3530 1040 3588; x_wconf 84' lang='lat' dir='ltr'>amata</span> <span class='ocrx_word' id='word_1_233' title='bbox 1059 3526 1144 3588; x_wconf 87' lang='lat' dir='ltr'>domo</span> 
     </span>
     <span class='ocr_line' id='line_1_32' title="bbox 59 3622 1143 3709; baseline 0.004 -25"><span class='ocrx_word' id='word_1_234' title='bbox 59 3622 246 3704; x_wconf 85' lang='lat' dir='ltr'>interdictus,</span> <span class='ocrx_word' id='word_1_235' title='bbox 267 3627 343 3689; x_wconf 87' lang='lat' dir='ltr'>viles</span> <span class='ocrx_word' id='word_1_236' title='bbox 363 3627 487 3688; x_wconf 86' lang='lat' dir='ltr'>feminas</span> <span class='ocrx_word' id='word_1_237' title='bbox 514 3632 690 3709; x_wconf 83' lang='lat' dir='ltr'>sectaretur,</span> <span class='ocrx_word' id='word_1_238' title='bbox 718 3647 813 3707; x_wconf 88' lang='lat' dir='ltr'>neque</span> <span class='ocrx_word' id='word_1_239' title='bbox 841 3630 999 3692; x_wconf 89' lang='lat' dir='ltr'>oblimenta</span> <span class='ocrx_word' id='word_1_240' title='bbox 1026 3633 1143 3706; x_wconf 85' lang='lat' dir='ltr'>aegroto</span> 
     </span>
     <span class='ocr_line' id='line_1_33' title="bbox 60 3727 792 3807; baseline 0.014 -25"><span class='ocrx_word' id='word_1_241' title='bbox 60 3727 150 3789; x_wconf 84' lang='lat' dir='ltr'>animo</span> <span class='ocrx_word' id='word_1_242' title='bbox 172 3729 333 3807; x_wconf 83' lang='lat' dir='ltr'>inveniret,</span> <span class='ocrx_word' id='word_1_243' title='bbox 355 3729 488 3793; x_wconf 81' lang='lat' dir='ltr'>Secundo</span> <span class='ocrx_word' id='word_1_244' title='bbox 508 3750 626 3793; x_wconf 87' lang='lat' dir='ltr'>manum</span> <span class='ocrx_word' id='word_1_245' title='bbox 646 3733 792 3792; x_wconf 82' lang='lat' dir='ltr'>admovit:</span> 
     </span>
    </p>
   </div>
   <div class='ocr_carea' id='block_1_5' title="bbox 0 0 1324 4400">
    <p class='ocr_par' dir='ltr' id='par_1_9' title="bbox 0 0 1324 4400">
     <span class='ocr_line' id='line_1_34' title="bbox 0 0 1324 4400; baseline 0 0"><span class='ocrx_word' id='word_1_246' title='bbox 0 0 1324 4400; x_wconf 95' lang='lat' dir='ltr'> </span> 
     </span>
    </p>
   </div>
  </div>
 </body>
</html>
