2640 4400
592 295 611 360 7

175 469 225 532 'Iu
244 467 344 550 modo,
365 470 435 531 dnm
455 470 541 551 lieet,
562 469 641 534 hune
659 471 786 534 tiuotum
806 490 844 534 ne
865 473 969 536 desere
988 473 1089 537 vitoe:

215 570 322 634 Omnis
340 571 367 634 si
387 572 505 634 dederis
524 575 641 654 osenla,
661 593 758 654 panos
777 576 872 638 dabis.
1112 579 1153 642 50

173 677 220 740 Ao
238 679 332 738 veluti
350 677 422 740 folia
441 683 558 742 erentes
578 680 691 756 liquere
713 681 851 761 corollas,

214 781 298 858 Quae
318 782 430 861 passim
451 783 576 845 calathis
596 787 690 846 sueto
709 789 813 845 notare
833 785 934 865 vides,

175 885 226 948 Sio
244 886 344 965 nobis,
365 887 418 963 qui
438 905 516 948 nuno
536 905 674 964 magnum
694 888 841 964 spiramus
861 891 1011 969 ementes,

214 991 351 1052 Forsitan
371 989 503 1051 ineludet
523 991 653 1051 crastina
672 989 735 1052 feta
756 990 829 1052 dios.

85 1137 111 1186 3.
146 1137 218 1185 Gron.
235 1137 260 1185 et
275 1127 350 1202 Neep.
367 1135 456 1184 Laeros
472 1135 559 1184 ocellos
564 1155 575 1193 ,·
592 1136 693 1185 Pronus
710 1137 796 1199 lapsos.

87 1227 116 1284 ⁷,
135 1225 164 1284 8,
181 1225 211 1283 9,
230 1225 269 1274 10.
304 1225 335 1274 In
351 1223 424 1274 Oodd.
438 1227 549 1289 quartum
563 1223 702 1290 etquintum
711 1222 1120 1290 distichonpreeponunturserundo
1129 1228 1153 1274 et

54 1309 131 1358 tertio.
148 1309 223 1358 Inuus
239 1309 318 1356 Douse
334 1310 402 1374 peter
417 1306 522 1355 ordinem
535 1305 725 1355 eommutundum
740 1321 790 1354 esse
806 1305 908 1364 sensuit,
925 1305 1086 1356 et-seoundum
1098 1309 1152 1372 post

55 1391 161 1456 quintum
177 1389 343 1440 eolloosndum.
370 1389 484 1438 Ordinem
501 1391 594 1440 secutus
611 1403 664 1438 eum
681 1403 750 1454 quem
767 1388 882 1438 sententie
897 1387 1004 1452 degitsre
1019 1387 1118 1437 videtur.

88 1482 129 1530 22.
162 1482 235 1531 Gron.
258 1479 352 1530 Viderit
369 1481 427 1537 Ιιοσ,·
446 1481 521 1546 Neop.
545 1479 639 1528 Viderit
656 1479 723 1528 haer.

87 1569 129 1620 35.
162 1571 235 1621 Godd.
253 1571 385 1637 transferre
402 1571 510 1627 dolorem
528 1569 655 1635 Philippus
672 1567 799 1618 Beronldus
816 1567 920 1634 reposuit
936 1565 1034 1617 calores.

87 1661 128 1710 41.
162 1663 235 1712 Gron.
253 1662 368 1712 dedum
384 1661 472 1719 eitam
490 1659 530 1709 ulii
546 1661 678 1710 decurrere.

88 1752 130 1801 47.
162 1754 235 1801 Grou.
252 1751 321 1801 Haeo
338 1756 413 1810 certe,
430 1750 505 1800 idest
522 1750 581 1799 haer
591 1750 666 1814 sarta
682 1753 780 1808 nostra,
798 1749 842 1797 hoe
858 1751 951 1798 metros
959 1761 1057 1798 amores.
1076 1749 1152 1812 Neep.

59 1833 105 1883 Neo
121 1839 200 1892 certa
217 1833 391 1893 Mentelienus,
408 1831 538 1882 Vossianus
554 1831 598 1880 111
615 1833 639 1880 ei
656 1831 706 1881 edd
722 1830 785 1896 vulg.
803 1830 845 1881 Me
861 1836 931 1882 certe.

88 1923 127 1973 49.
162 1925 235 1972 Gron.
257 1922 314 1971 dum
334 1922 419 1979 liceat,
435 1921 562 1986 finctum
580 1921 656 1987 Neep.
675 1921 731 1969 dum
748 1923 824 1979 lueet,
835 1920 961 1986 fructum:
979 1919 1151 1977 Menteliuuus,

61 2007 195 2069 Vossianus,
219 2009 375 2058 Heinsinuue:
394 2009 449 2058 dum
466 2007 534 2067 lieet,
555 2007 618 2056 huno
628 2007 753 2072 fructum
771 2022 841 2074 quum
856 2007 978 2058 lectionem
995 2007 1153 2074 calphurnius

61 2092 81 2139 ei
95 2090 193 2141 Volsous
210 2089 370 2141 restituerunt.

418 2279 696 2348 ELEGIA
741 2281 780 2348 V.

454 2436 507 2484 AB
527 2436 740 2484 cummuni.

250 2558 333 2622 (codd.
351 2559 379 2618 2,
398 2557 425 2617 Ι,
443 2561 467 2608 et
483 2559 528 2618 17,
552 2558 594 2617 II;
612 2559 695 2609 Burm
713 2559 741 2617 2,
761 2557 953 2618 1,et14,11;

408 2641 506 2690 Lsehm.
525 2641 554 2700 2,
573 2641 788 2703 1,ee1o,111.)
837 2705 842 2716 „

91 2777 193 2828 In'stiem
209 2777 239 2837 4,
256 2775 284 2836 5,
303 2777 331 2836 6,
350 2777 373 2835 7,
392 2775 420 2834 8,
439 2777 485 2834 22,
502 2776 550 2836 23,
568 2776 613 2834 24,
631 2776 656 2825 in
674 2777 747 2825 Oodd.
760 2779 917 2827 annectuntur
925 2776 1011 2842 elegiae
1020 2776 1119 2834 XXIV,

121 2860 201 2922 (Codd.
220 2858 313 2908 XVIII
329 2857 429 2907 Secundi
444 2857 529 2918 Libri.)
550 2859 662 2922 Seperete
676 2858 771 2907 fuerumt
785 2873 798 2906 u
812 2859 870 2908 viris
879 2859 966 2917 doctis,
976 2856 1118 2908 etJueobins

118 2941 232 3005 judicavit
259 2940 319 2990 elius
350 2939 472 3003 cujusdem
501 2941 610 2990 oerminis
634 2956 688 2990 esse
712 2941 850 3005 fragments.
886 2941 917 2992 In
939 2942 999 2992 hene
1021 2940 1118 3007 elogium

121 3024 245 3083 transtuli,
262 3038 276 3072 e
293 3037 339 3089 quo
355 3022 447 3072 divulsa
463 3021 534 3072 fnisse
550 3023 750 3073 evidentissimum
766 3026 809 3073 est.

173 3157 252 3236 Quid
269 3159 358 3237 juvat
378 3162 480 3220 ornato
501 3159 675 3239 procedere,
697 3161 775 3240 vita,
797 3160 920 3239 capillo,

212 3263 253 3324 Et
272 3266 376 3323 tenues
398 3260 458 3322 Ooe
478 3267 561 3323 veste
581 3280 698 3323 movere
719 3263 828 3324 sinus?

180 3365 241 3428 Aut
262 3365 334 3443 quid
354 3363 483 3426 Orontea
504 3366 599 3426 crines
619 3365 794 3443 perfundere
815 3365 950 3445 myrrho,

215 3469 320 3547 Teque
340 3467 506 3546 peregrinis
526 3467 654 3528 vendere
675 3467 859 3546 muneribus,

174 3571 363 3646 Naturseque
384 3570 474 3630 deous
493 3571 621 3630 mercato
641 3569 764 3647 perdere
784 3568 879 3650 oultu,

212 3676 277 3737 Nee
297 3675 396 3736 sinere
417 3673 593 3754 inpropriis
613 3673 745 3735 membru
763 3673 857 3736 nitere
877 3671 985 3734 bonis?
