2624 4398
573 301 613 358 93

34 476 117 526 morti
132 474 266 534 addietum,
282 474 322 524 sed
338 473 383 522 hoe
399 472 425 521 in
441 472 492 522 loeo
509 472 629 538 epitheton
637 471 739 523 otiosum
747 471 851 532 videtur,
862 489 917 524 oum
928 473 979 538 jem
987 474 1015 524 do
1023 475 1142 526 Charonte

34 563 60 610 et
78 561 176 610 inferne
192 561 243 608 rate
259 571 335 606 sermo
352 554 436 613 merie
454 557 537 605 eootrs
552 555 680 606 clamis
696 570 786 606 morem
794 556 912 623 petrium,
922 558 1141 625 emorisetpietetis

34 642 161 701 officium,
178 637 350 691 eooommodete
366 639 489 690 memoret.

378 848 656 918 ELEGIA
700 849 808 918 XVII.

461 983 515 1030 DE
544 983 726 1032 cYN'l'fflA.

211 1082 338 1149 (Coruin
355 1082 401 1142 29,
419 1082 502 1132 Borm.
519 1082 545 1132 in
561 1083 607 1144 22,
626 1084 669 1143 II;
688 1084 785 1136 Lsohm.
800 1083 826 1133 in
842 1081 889 1143 et,
907 1083 969 1146 III.)

71 1205 154 1256 Godd.
169 1205 231 1254 huno
248 1219 302 1252 eum
319 1203 379 1252 xlv
397 1202 550 1268 conjungunt.
573 1203 717 1269 Seporeudes
735 1220 783 1254 esse
800 1207 922 1253 monuerat
939 1204 1051 1268 Guyetus.
1078 1201 1108 1251 In

107 1287 152 1336 ille
168 1290 260 1336 emntor
276 1285 305 1334 ud
320 1284 446 1350 cynthiam
458 1287 512 1351 post
524 1284 620 1349 longum
628 1285 784 1336 exclusionem
793 1302 807 1335 e
817 1284 970 1352 Cupidinibus
977 1283 1107 1341 redemtum

106 1370 150 1418 irie
166 1368 290 1435 Propertio
307 1366 378 1417 libere
393 1367 470 1433 primo
486 1381 553 1417 mene
566 1367 617 1431 jem
634 1367 689 1417 lieet
706 1369 805 1418 emicem
820 1368 908 1428 visere,
926 1384 988 1434 puae
1003 1367 1029 1417 iu
1046 1369 1107 1417 letto

106 1453 164 1503 eolo
179 1455 237 1502 eret.

163 1586 251 1647 Mnus
272 1587 351 1664 eret,
373 1587 403 1644 et
423 1584 520 1662 volui,
541 1585 568 1645 si
590 1585 653 1646 solu
674 1587 839 1663 quiesceret
858 1587 927 1664 ille,

203 1688 326 1748 Visere:
347 1690 378 1747 et
398 1687 429 1746 in
448 1688 525 1749 leoto
546 1686 676 1765 cynthia
696 1691 760 1750 solo
779 1689 844 1750 fuit.

164 1788 327 1867 Obstupui:
347 1809 405 1850 uon
426 1790 479 1850 ille
498 1790 572 1850 mihi
593 1790 747 1853 formosior
768 1811 896 1870 unquam

204 1894 293 1972 Vise,
314 1911 410 1970 neque
431 1894 542 1954 ostrina
561 1912 628 1955 oum
648 1893 704 1956 fuit
724 1896 755 1955 in
776 1897 891 1956 tunice:

162 1997 249 2058 Telis
269 1997 336 2058 vise
355 1995 430 2057 milri
451 2015 551 2058 somno
571 1997 695 2060 dimisse
714 2000 834 2060 recenti.

204 2099 230 2164 Ο
251 2104 393 2178 quantum
413 2119 520 2178 perse
540 2102 668 2162 eandida
687 2101 782 2165 torma
801 2103 901 2164 veletl

167 2193 257 2280 „Quo
278 2209 311 2266 tn
331 2206 510 2284 matutinus,
531 2206 589 2285 eit,
611 2207 778 2283 speculator
799 2206 937 2267 amisse?

208 2309 280 2384 „Me
300 2309 427 2371 similem
447 2309 554 2371 vestris
575 2309 705 2371 moribus
725 2328 791 2371 esse
811 2310 927 2389 putes?

169 2412 261 2488 „Non
282 2431 336 2490 ego
356 2417 417 2474 tem
437 2412 550 2474 feeilis:
571 2417 618 2474 set
639 2414 695 2474 erit
715 2413 789 2474 mihi
810 2415 944 2490 cognitus
965 2431 1056 2474 unus:

209 2516 290 2590 „Vel
309 2519 357 2595 tu,
379 2517 427 2576 vel
448 2517 475 2577 si
496 2516 562 2593 quis
583 2516 681 2600 verior
701 2535 767 2578 esse
788 2522 894 2596 potest.
1104 2518 1144 2576 10

168 2618 343 2697 „Apparent
362 2637 421 2680 non
441 2620 503 2679 ullo
523 2624 586 2680 toro
605 2621 733 2697 vestigia
753 2639 854 2699 presso

207 2720 323 2798 „Signa
342 2722 517 2799 voluptatis,
538 2739 592 2782 nee
608 2722 740 2799 jacuisse
762 2721 844 2782 duos.

169 2823 337 2904 „Adspiee‚
358 2829 391 2887 ut
411 2825 443 2884 in
463 2829 524 2886 toto
545 2826 643 2886 nullus
664 2825 738 2886 mihi
758 2844 877 2904 corpore
897 2831 999 2904 surget

208 2927 377 3006 „Spiritus,
398 2927 526 2989 admisso
546 2932 633 2989 notus
654 2929 829 2989 adulteri0.''

164 3029 265 3110 Dixit,
287 3035 317 3092 et
337 3031 471 3109 opposite
491 3032 658 3108 propellens
679 3031 763 3092 savia
784 3031 905 3111 dextro,
1105 3033 1143 3092 15

205 3134 326 3196 Prosilit
346 3134 377 3193 in
397 3134 468 3193 laxa
487 3134 558 3194 nixa
578 3134 684 3211 pedem
704 3135 801 3215 solee3

163 3238 232 3299 Ibat
252 3241 283 3299 et
302 3236 371 3298 hine
392 3241 491 3298 castae
512 3242 662 3297 narratum
682 3239 795 3298 somnia
816 3239 936 3301 Vestae·

203 3341 272 3401 Neu
291 3339 364 3418 sibi,
385 3357 459 3399 neve
480 3337 554 3400 mihi
576 3357 651 3416 quae
672 3341 805 3404 nocitura
825 3315 932 3403 forent.q

164 3441 213 3505 sio
234 3461 289 3520 ego
311 3447 370 3503 tam
391 3443 484 3503 saneti
506 3443 626 3504 custode
647 3445 782 3505 recludor
802 3447 929 3526 emeris,

203 3547 252 3607 Ex
271 3547 323 3608 illo
342 3545 415 3606 felix
435 3564 494 3607 nox
513 3544 587 3607 mihi
607 3547 690 3607 nulla
709 3547 781 3608 firitl
1102 3551 1143 3610 20

90 3699 116 3752 2.
151 3697 229 3763 Neep.
246 3701 274 3748 at
289 3695 317 3748 in
333 3695 407 3756 terim
425 3697 498 3748 Groo.
517 3700 592 3749 reete:
609 3704 634 3750 et
650 3700 676 3750 iu
692 3702 760 3752 lecto.
