2624 4398
558 401 597 461 85

146 570 205 632 llla
223 569 298 632 milri
318 571 389 632 totis
409 575 529 650 argutat
548 574 683 638 noctibus
703 577 805 657 ignes,

185 675 227 736 lit
246 675 379 752 queritur
398 677 495 738 nullos
516 695 582 739 esse
603 680 709 742 relicta
728 679 809 742 deos.

145 777 205 838 Illa
223 796 320 840 meam
340 778 414 840 mihi
434 781 548 860 sejam
569 781 712 866 denegat3
735 785 788 846 illa
807 783 953 864 minatur,

187 880 270 956 Quae
291 883 367 944 solet
387 884 503 961 ingrato
524 886 619 948 tristis
639 889 735 950 amica
755 890 829 950 vire.

144 983 202 1044 His
222 1000 277 1061 ego
297 1003 355 1046 nou
376 985 478 1048 horam
498 1007 618 1066 possum
639 989 747 1052 durare
768 990 914 1068 querelis:

184 1084 234 1146 Ah
254 1092 372 1168 pereat,
393 1090 419 1150 si
440 1090 507 1167 quis
527 1092 624 1154 lentus
645 1110 745 1153 amare
765 1093 878 1169 petest!
953 1095 957 1104 '

145 1188 193 1250 Au
213 1189 288 1250 mihi
307 1190 347 1251 sit
368 1191 444 1252 tanti
465 1191 566 1254 destas
586 1210 761 1270 cognoscere
781 1193 931 1275 Athenas,

183 1290 282 1369 Atque
302 1290 394 1354 Asiae
414 1295 533 1356 veteres
553 1312 672 1357 eernere
693 1295 831 1376 divitias,

144 1397 186 1458 Ut
205 1395 279 1456 mihi
299 1394 427 1457 deducta
446 1395 538 1458 faeiat
559 1398 692 1460 convicia
712 1398 804 1477 puppi

183 1499 330 1579 Cynthia,
351 1504 381 1560 et
402 1500 515 1562 insanis
536 1519 588 1562 ora
608 1506 691 1564 notet
711 1501 863 1582 manibus,

143 1589 309 1680 Osculaque
330 1602 464 1680 opposito
485 1603 566 1664 dieat
587 1603 645 1666 sibi
666 1604 768 1665 dedita
787 1609 892 1684 vento,

183 1705 224 1766 llt
243 1704 320 1765 nihil
340 1703 429 1766 infido
450 1705 552 1767 durius
574 1724 639 1768 esse
660 1706 748 1768 viro?

144 1811 193 1872 Tu
213 1809 312 1888 patrui
333 1809 454 1870 meritas
474 1827 580 1871 aurare
601 1811 714 1870 anteire
735 1826 868 1888 secures,

182 1913 223 1974 llt
243 1916 346 1974 vetera
366 1913 466 1974 oblitis
482 1914 553 1993 jura
572 1912 650 1975 refer
671 1914 769 1975 sociis.

141 2018 220 2078 Nam
241 2021 371 2078 uranon
392 2021 475 2078 aetas
497 2036 627 2095 unquam
649 2019 776 2080 cessavit
796 2016 914 2097 Amori3

183 2119 306 2199 Semper
326 2123 358 2180 at
377 2126 509 2181 armatae
530 2139 601 2181 eura
621 2121 677 2184 fuit
697 2123 828 2201 patriae:

141 2223 182 2284 ut
202 2222 258 2283 tibi
278 2241 336 2284 non
356 2239 485 2299 uuquam
505 2227 620 2284 nostros
641 2225 719 2284 Puer
740 2225 796 2285 iste
817 2224 933 2287 labores

179 2323 322 2403 Adferat,
344 2329 374 2386 et
394 2324 523 2386 lacrimis
544 2326 642 2386 omnia
662 2331 731 2387 nota
751 2326 835 2389 meis.

140 2430 189 2489 Me
210 2427 292 2507 siue,
314 2444 401 2503 quem
422 2443 538 2505 semper
558 2428 652 2488 voluit
671 2427 788 2490 fortuma
803 2428 921 2510 jacere,

179 2534 266 2593 Hane
285 2531 414 2591 animam
435 2535 584 2593 extremae
605 2532 730 2592 reddere
749 2533 910 2609 nequitiae.

138 2635 225 2696 Multi
246 2633 407 2710 longinquo
426 2633 541 2712 periere
562 2634 594 2694 in
614 2653 712 2696 amore
733 2636 875 2715 libenter,

177 2737 213 2798 In
234 2755 358 2814 quorum
379 2755 499 2799 numero
520 2756 567 2799 me
589 2756 704 2816 quoque
726 2743 805 2799 terra
825 2743 915 2816 tegat.

138 2841 205 2903 Neu
226 2859 281 2918 ego
302 2859 367 2902 sum
387 2840 485 2918 laudi,
505 2860 564 2902 non
584 2845 671 2902 natus
692 2841 814 2903 idoneus
836 2842 942 2904 armis:

178 2945 263 3004 Hane
284 2961 331 3005 me
352 2943 489 3004 militiam
509 2943 572 3004 lata
591 2946 690 3006 subire
711 2947 822 3007 volunt.

139 3046 179 3108 At
200 3051 233 3107 tu
253 3065 307 3108 seu
327 3047 425 3108 mollis
446 3065 505 3124 qua
524 3048 621 3109 tendit
641 3049 741 3128 leuia,
762 3069 814 3111 seu
835 3067 895 3128 qua

176 3151 276 3228 Lydia
294 3151 409 3212 Pactoli
430 3151 539 3228 tinguit
559 3156 644 3213 arata
664 3152 776 3232 liquor,

138 3253 197 3316 Seu
216 3254 342 3334 pedibus
363 3259 473 3333 terras,
495 3273 548 3316 seu
568 3259 689 3333 pontum
710 3273 831 3334 carpere
852 3255 941 3317 remis
993 3269 996 3275 ·

176 3359 256 3437 Ibis,
278 3364 307 3419 et
327 3359 434 3420 asserti
454 3377 508 3436 par
529 3360 588 3420 eris
608 3360 756 3437 imperiis:

138 3463 215 3524 'lum
237 3461 309 3541 tibi,
329 3461 356 3522 si
376 3479 436 3539 qua
456 3462 514 3522 mei
535 3463 635 3522 veniet
654 3481 712 3523 non
733 3463 884 3523 immemor
904 3461 990 3543 hora,
1072 3461 1110 3521 35

175 3567 286 3627 Vivere
306 3583 354 3627 me
375 3566 447 3627 duro
468 3565 565 3627 sidere
587 3571 685 3628 certus
706 3567 774 3628 eris.

64 3703 96 3754 10.
126 3709 198 3758 Gran.
215 3711 240 3758 ei
257 3710 334 3774 Neap.
350 3709 410 3758 solet
426 3707 499 3758 irate
534 3707 661 3756 Vaticanus
679 3709 693 3757 I
710 3711 734 3758 et
752 3706 889 3759 Colotiauus
905 3708 1010 3774 inprato.

64 3791 97 3841 ll.
126 3797 198 3846 Grau,
211 3799 236 3847 et
250 3798 325 3864 Neap.
342 3795 453 3862 Opposita
467 3795 576 3846 dieat-
585 3795 667 3846 debita
681 3801 757 3848 emto.
775 3796 903 3847 Mendeaus
915 3794 1113 3847 etsubebseurior
