2642 4396
682 328 740 392 158

160 499 231 566 pertii
246 503 392 554 auewritate.
412 506 487 560 Quam
503 521 597 565 vereor,
614 524 644 558 ee
660 513 684 558 te
701 514 851 575 comtempto,
862 511 977 573 Omerita,
991 511 1259 563 dmicAbrtradaiete.

162 583 215 635 Lib.
232 586 258 647 I,
275 586 313 636 nl.
331 589 390 646 XX,
406 603 430 638 v.
447 589 487 638 21.
504 619 538 627 —
559 589 647 638 Deinde
665 591 738 640 Codd.
749 592 849 657 sarim,
866 594 983 653 Icarioti,
1000 598 1063 644 tuoe.
1080 595 1127 644 Sed
1146 594 1260 659 Penelope

161 668 296 719 nominatur
311 686 335 719 v.
352 669 393 719 24.
405 684 413 696 ·
426 671 527 738 Insuper
551 669 661 736 Ungems
683 675 801 724 contendit
815 677 994 741 grammaticam
1008 677 1089 741 jubere
1106 677 1179 728 Icari
1197 677 1260 726 tiliam

162 752 208 802 dici
228 753 371 812 Icarioeen,
393 768 440 803 non
462 755 631 814 Icariotidem,
657 759 681 805 et
698 756 817 806 verissime
834 757 940 808 emendet
958 759 1105 808 Oechalioti.
1142 759 1216 808 Haec
1230 759 1260 805 est

163 834 225 893 Iole,
248 835 346 898 Euryti,
371 835 494 884 Oechaliae
510 836 585 901 regis,
607 836 668 895 iilia,
686 837 715 886 de
730 854 776 902 qua
793 838 917 903 Hyginns3
939 839 1088 898 nHercnles,
1107 855 1167 888 enm
1188 839 1258 896 Iolen,

160 916 246 983 Paaryti
261 916 345 975 liliam,
362 917 386 966 in
403 917 536 983 conjugium
551 920 659 984 petisset,
676 921 722 970 illo
731 938 783 970 eum
790 922 948 987 repudiasset,
959 923 1096 973 Oechaliam
1105 922 1258 989 expugnarit.

164 998 212 1064 Qui
234 1001 261 1049 ut
284 1015 298 1048 a
319 999 410 1064 virgine
426 1006 564 1065 reparetur,
589 1005 697 1068 parentes
719 1004 768 1066 ejus
790 1019 870 1054 coram
892 1021 919 1054 ee
939 1005 1070 1055 interlicere
1093 1006 1185 1072 coepit.
1220 1005 1260 1056 Illa

162 1081 240 1131 auimo
256 1082 409 1148 pertinacior,
426 1085 533 1148 parentes
550 1098 604 1132 auos
621 1087 675 1132 ante
691 1100 716 1132 se
732 1085 809 1133 necari
826 1089 861 1135 est
877 1102 993 1152 perpessa.
1005 1110 1016 1130 n

197 1187 237 1235 13.
271 1186 412 1246 Dubitatur,
428 1189 510 1236 utrum
523 1169 554 1236 ¹de
570 1188 704 1239 muneribus
721 1189 826 1254 petendis
843 1195 867 1240 et
883 1191 963 1242 dandis
981 1193 1012 1241 sit
1026 1192 1259 1258 intelligendum,an

162 1267 191 1317 de
212 1269 294 1334 stupro
316 1269 473 1335 compellendo
496 1273 520 1318 et
536 1271 687 1321 concedendo.
710 1272 816 1322 Primam
833 1273 1050 1340 interpretationem
1067 1276 1168 1324 suadent
1186 1276 1259 1341 spolio

161 1351 282 1416 opprobrii
305 1352 431 1418 superioris
451 1367 544 1411 versiam
569 1356 666 1403 alteram
686 1353 754 1417 jubet
775 1356 909 1421 insequens:
934 1362 990 1417 aet,
1011 1359 1100 1423 siqua
1116 1363 1168 1418 ert,
1183 1360 1259 1425 prelio

164 1435 260 1484 tollitur
275 1435 325 1484 lata
341 1450 416 1484 mora.

196 1539 238 1589 21.
272 1540 320 1590 Pro
342 1540 429 1590 ardeat
448 1540 557 1590 aerinas
579 1541 696 1592 Henrions
720 1543 866 1608 Stephanus,
893 1544 1038 1596 Passeratius
1055 1548 1079 1594 et
1096 1545 1259 1597 Bronkhnsina

164 1621 286 1687 corrigunt
310 1623 433 1680 Gaudent,
456 1623 510 1688 quia
532 1622 568 1672 bia
590 1623 651 1672 idem
674 1623 719 1673 dici
743 1625 850 1675 eredunt:
875 1627 974 1685 ardent,
998 1630 1021 1676 at
1038 1627 1150 1694 praebent
1167 1635 1259 1695 pectora

165 1705 279 1754 flammae.
306 1705 352 1753 Sed
371 1704 459 1753 arderet
472 1704 631 1771 accipiendum
647 1707 683 1754 est
699 1705 727 1754 de
746 1705 886 1771 cupiditate,
905 1723 950 1772 qna
967 1707 1074 1758 victrices
1091 1709 1117 1759 in
1133 1712 1259 1761 certamine

165 1789 269 1846 ferrent,
286 1789 315 1836 nt
330 1786 355 1836 in
372 1801 456 1851 rogum
473 1787 553 1836 mariti
569 1787 643 1847 illico,
661 1788 710 1836 sine
728 1803 794 1838 more
811 1803 835 1838 ee
849 1787 946 1852 jaciant.

198 1895 239 1945 23.
273 1894 347 1943 (iodd.
373 1894 413 1944 hic
437 1896 506 1944 nulla
525 1897 617 1960 puella.
652 1897 751 1945 Paccius
769 1897 854 1961 puella
870 1901 912 1947 est.
940 1897 1088 1947 Burmannus
1105 1896 1257 1961 conjiciebat:
1303 1859 1304 1894 l

167 1976 207 2027 bic
223 1977 293 2026 nella
305 1976 394 2042 cadim
410 1982 453 2027 eat.
819 1983 821 1990 ’
1303 1989 1304 1996 ’

199 2081 240 2132 25.
274 2082 348 2132 Ccdd.
362 2085 450 2148 pacata
460 2082 582 2147 juncariae.
612 2083 771 2133 Passeratius:
791 2083 837 2132 oin
853 2098 910 2150 paee
931 2085 954 2133 et
971 2083 1019 2134 otio
1036 2084 1149 2148 degener
1184 2085 1257 2135 Janus

166 2164 303 2216 Gulielmius
328 2165 427 2229 conjecit
450 2181 560 2230 pacarem
582 2181 652 2230 quam
672 2181 753 2215 veram
773 2168 841 2230 puto.
874 2166 990 2215 Juventus
1007 2169 1126 2230 agrestum
1143 2168 1256 2232 quondam

165 2263 256 2314 pagane
272 2250 327 2296 sunt
343 2247 448 2297 homines
462 2247 564 2297 nondum
581 2247 606 2296 in
622 2247 718 2298 urbibus
735 2251 917 2307 commorantes,
934 2247 960 2298 iu
977 2248 1044 2314 pagis
1061 2252 1085 2298 et
1104 2248 1255 2314 egtiedegen-

166 2335 213 2384 tes:
232 2346 302 2380 arnae
318 2333 394 2388 aetas,
413 2346 458 2395 qua
476 2330 515 2378 Dii
531 2329 671 2379 mortalibus
687 2328 855 2380 miscebantur.

200 2425 240 2476 32.
275 2427 347 2477 Gron.
364 2427 504 2478 auricolorie
512 2447 522 2484 ;
540 2427 615 2492 Neep.
632 2427 773 2476 siricolorr'a.
791 2426 891 2476 Pucoins
908 2425 1058 2477 versionem
1075 2427 1185 2478 restitnit.

200 2519 241 2568 33.
275 2521 348 2570 Gron.
363 2537 407 2586 per
424 2526 509 2578 antra5
527 2522 601 2587 Neep.
614 2537 731 2586 perrara,
747 2521 765 2570 i.
782 2537 802 2572 e.
817 2539 861 2586 per
878 2539 945 2572 area.

201 2607 243 2660 35.
276 2610 349 2659 Gron.
366 2614 438 2675 atque
454 2609 565 2669 humilia
593 2611 671 2675 Neap.
687 2615 759 2674 atque
776 2609 870 2660 bamili.
896 2611 1000 2676 Scaliger
1016 2609 1118 2662 correxit
1135 2612 1255 2662 H'ssnalei.

167 2691 256 2742 Deinde
278 2696 340 2743 totos
362 2693 470 2759 operito
486 2698 592 2743 ammira
609 2693 683 2743 eodo.
701 2707 793 2752 omues,
819 2692 934 2743 sententie
949 2693 1019 2759 plane
1035 2691 1143 2745 absurda.
1176 2696 1257 2759 Nuper

168 2776 198 2826 B.
215 2773 366 2841 blachenbnrg
382 2776 511 2826 emendarit
528 2780 600 2827 teter.

201 2867 242 2918 36.
275 2866 323 2917 Pro
340 2867 437 2933 altaque
453 2867 588 2917 Fonteinins
605 2866 706 2916 conexit
722 2871 832 2932 aptaque.

202 2957 243 3007 37.
276 2958 350 3009 Gran.
367 2959 444 3008 lentae
461 2959 571 3016 umbram·
588 2959 663 3024 Neap.
681 2959 766 3008 laetae

201 3047 242 3098 39.
277 3046 350 3097 Oodd
367 3062 447 3096 omues
464 3046 578 3112 Corniper
594 3052 666 3113 atque
681 3047 738 3104 dei,-
754 3061 836 3097 veram
850 3047 985 3114 Apollinem
998 3045 1157 3097 atAdmetnm
1164 3041 1252 3094 indicet.

169 3129 335 3180 Verumtamen
352 3133 424 3195 atqaie
439 3129 479 3180 dei
496 3145 508 3180 e
525 3129 659 3194 conjectura
673 3128 764 3178 librarii
780 3129 895 3195 seriptum
911 3129 1012 3180 ridetm.
1033 3128 1157 3194 Ingeniosa
1170 3127 1253 3178 flea-

168 3209 262 3276 bergius
277 3211 393 3278 reposuit:
413 3210 563 3276 Amphrysei.
579 3211 679 3262 Volscus
692 3211 855 3262 emendaverat
868 3211 953 3271 Idaei,
970 3209 1098 3262 Beroaldus
1107 3207 1251 3276 aipaeldae,

169 3294 278 3344 Paridem
294 3297 412 3360 pastorem
429 3293 455 3344 in
471 3293 515 3343 Ida
531 3297 656 3360 putantes;
673 3310 720 3344 oon
736 3297 807 3344 reete.

202 3381 244 3433 43.
278 3382 357 3432 Verba
373 3381 462 3441 Fauni3
478 3398 534 3433 nam
550 3383 583 3434 dii
599 3384 699 3448 deaeque
715 3386 772 3434 tnnc
785 3382 898 3449 temporis
909 3381 1060 3450 prebebant
1071 3377 1251 3444 mindam

203 3470 244 3524 43.
279 3470 358 3522 Verba
374 3471 446 3522 Panis
461 3471 519 3522 haec
535 3476 598 3524 sunt.

204 3560 245 3612 59.
278 3561 354 3611 (iren.
372 3563 395 3612 at
413 3562 486 3628 Neep.
504 3577 572 3612 enee
588 3576 696 3624 aruspex.
714 3561 803 3611 Contra
818 3564 920 3612 mentem
937 3559 1055 3619 auctoris,
1072 3559 1093 3609 si
1111 3557 1165 3624 qnid
1177 3552 1249 3604 rideo:

170 3642 281 3712 qnoniam
294 3641 431 3710 Propertius
449 3644 537 3694 Romae
553 3642 650 3694 exitium
666 3659 714 3694 non
730 3643 834 3710 optabat.
856 3641 1012 3694 Mantelianna
1030 3646 1054 3693 et
1070 3641 1167 3692 Poenina
1181 3645 1250 3686 onear

173 3741 288 3793 mapsa,
312 3724 381 3791 plane
403 3726 528 3777 renuntias
552 3725 651 3776 Utinam
667 3725 711 3776 sim
727 3741 800 3777 vanna
817 3740 934 3792 aruspex,
957 3722 1047 3774 utinam
1064 3738 1124 3774 vana
1139 3720 1183 3772 aiut
1196 3727 1250 3780 quw
