<?xml version="1.0" encoding="UTF-8"?>
<!DOCTYPE html PUBLIC "-//W3C//DTD XHTML 1.0 Transitional//EN"
    "http://www.w3.org/TR/xhtml1/DTD/xhtml1-transitional.dtd">
<html xmlns="http://www.w3.org/1999/xhtml" xml:lang="en" lang="en">
 <head>
  <title>
</title>
<meta http-equiv="Content-Type" content="text/html;charset=utf-8" />
  <meta name='ocr-system' content='tesseract 3.04.00' />
  <meta name='ocr-capabilities' content='ocr_page ocr_carea ocr_par ocr_line ocrx_word'/>
</head>
<body>
  <div class='ocr_page' id='page_1' title='image "./cynthiacumlibro00carugoog_0118.png"; bbox 0 0 2624 4398; ppageno 0'>
   <div class='ocr_carea' id='block_1_1' title="bbox 549 371 587 433">
    <p class='ocr_par' dir='ltr' id='par_1_1' title="bbox 549 371 587 433">
     <span class='ocr_line' id='line_1_1' title="bbox 549 371 587 433; baseline 0 0"><span class='ocrx_word' id='word_1_1' title='bbox 549 371 587 433; x_wconf 83' lang='lat'><strong>51</strong></span> 
     </span>
    </p>
   </div>
   <div class='ocr_carea' id='block_1_2' title="bbox 18 543 1116 1928">
    <p class='ocr_par' dir='ltr' id='par_1_2' title="bbox 18 543 1116 1928">
     <span class='ocr_line' id='line_1_2' title="bbox 49 543 388 597; baseline -0.003 -1"><span class='ocrx_word' id='word_1_2' title='bbox 49 546 93 597; x_wconf 78' lang='lat'><strong>12.</strong></span> <span class='ocrx_word' id='word_1_3' title='bbox 128 545 189 596; x_wconf 67' lang='lat' dir='ltr'><strong>Post</strong></span> <span class='ocrx_word' id='word_1_4' title='bbox 203 545 262 594; x_wconf 71' lang='lat' dir='ltr'><strong>haee</strong></span> <span class='ocrx_word' id='word_1_5' title='bbox 278 543 388 596; x_wconf 82' lang='lat' dir='ltr'><strong>Oediees:</strong></span> 
     </span>
     <span class='ocr_line' id='line_1_3' title="bbox 221 623 884 694; baseline 0 -16"><span class='ocrx_word' id='word_1_6' title='bbox 221 623 324 694; x_wconf 79' lang='lat' dir='ltr'><strong>Cynthia</strong></span> <span class='ocrx_word' id='word_1_7' title='bbox 340 643 388 677; x_wconf 90' lang='lat' dir='ltr'><strong>uon</strong></span> <span class='ocrx_word' id='word_1_8' title='bbox 405 626 510 693; x_wconf 84' lang='lat' dir='ltr'><strong>seqnitur</strong></span> <span class='ocrx_word' id='word_1_9' title='bbox 525 628 613 686; x_wconf 72' lang='lat' dir='ltr'><strong>lesem,</strong></span> <span class='ocrx_word' id='word_1_10' title='bbox 629 641 672 676; x_wconf 88' lang='lat' dir='ltr'><strong>nee</strong></span> <span class='ocrx_word' id='word_1_11' title='bbox 689 628 757 676; x_wconf 88' lang='lat' dir='ltr'><strong>enrat</strong></span> <span class='ocrx_word' id='word_1_12' title='bbox 772 626 884 678; x_wconf 69' lang='lat' dir='ltr'><strong>honerm</strong></span> 
     </span>
     <span class='ocr_line' id='line_1_4' title="bbox 254 708 775 775; baseline 0.004 -17"><span class='ocrx_word' id='word_1_13' title='bbox 254 710 351 775; x_wconf 78' lang='lat' dir='ltr'>Semper</span> <span class='ocrx_word' id='word_1_14' title='bbox 369 712 499 760; x_wconf 87' lang='lat' dir='ltr'><strong>amatorum</strong></span> <span class='ocrx_word' id='word_1_15' title='bbox 517 708 631 775; x_wconf 88' lang='lat' dir='ltr'><strong>ponderat</strong></span> <span class='ocrx_word' id='word_1_16' title='bbox 645 708 687 758; x_wconf 91' lang='lat' dir='ltr'><strong>illa</strong></span> <span class='ocrx_word' id='word_1_17' title='bbox 703 708 775 760; x_wconf 82' lang='lat' dir='ltr'><strong>ainus.</strong></span> 
     </span>
     <span class='ocr_line' id='line_1_5' title="bbox 49 790 607 857; baseline 0 -16"><span class='ocrx_word' id='word_1_18' title='bbox 49 793 114 842; x_wconf 92' lang='lat' dir='ltr'><strong>Vide</strong></span> <span class='ocrx_word' id='word_1_19' title='bbox 131 808 161 843; x_wconf 90' lang='lat' dir='ltr'><strong>en</strong></span> <span class='ocrx_word' id='word_1_20' title='bbox 178 807 232 844; x_wconf 86' lang='lat' dir='ltr'><strong>eum</strong></span> <span class='ocrx_word' id='word_1_21' title='bbox 249 790 438 857; x_wconf 77' lang='lat' dir='ltr'>praecedentibus</span> <span class='ocrx_word' id='word_1_22' title='bbox 455 791 607 841; x_wconf 81' lang='lat' dir='ltr'><strong>conveniant:</strong></span> 
     </span>
     <span class='ocr_line' id='line_1_6' title="bbox 221 872 905 940; baseline 0.001 -16"><span class='ocrx_word' id='word_1_23' title='bbox 221 873 332 930; x_wconf 79' lang='lat' dir='ltr'><strong>Quemvis</strong></span> <span class='ocrx_word' id='word_1_24' title='bbox 348 876 534 939; x_wconf 66' lang='lat' dir='ltr'><strong>aequauerat,</strong></span> <span class='ocrx_word' id='word_1_25' title='bbox 550 872 658 940; x_wconf 80' lang='lat' dir='ltr'><strong>quamvia</strong></span> <span class='ocrx_word' id='word_1_26' title='bbox 674 875 769 939; x_wconf 75' lang='lat' dir='ltr'><strong>majm</strong></span> <span class='ocrx_word' id='word_1_27' title='bbox 785 874 905 934; x_wconf 64' lang='lat' dir='ltr'><strong>aarum,</strong></span> 
     </span>
     <span class='ocr_line' id='line_1_7' title="bbox 252 956 806 1023; baseline 0.002 -17"><span class='ocrx_word' id='word_1_28' title='bbox 252 959 307 1006; x_wconf 79' lang='lat' dir='ltr'><strong>Nea</strong></span> <span class='ocrx_word' id='word_1_29' title='bbox 323 961 402 1008; x_wconf 74' lang='lat' dir='ltr'><strong>taem</strong></span> <span class='ocrx_word' id='word_1_30' title='bbox 417 957 464 1008; x_wconf 78' lang='lat' dir='ltr'><strong>ille</strong></span> <span class='ocrx_word' id='word_1_31' title='bbox 480 973 542 1008; x_wconf 76' lang='lat' dir='ltr'><strong>meos</strong></span> <span class='ocrx_word' id='word_1_32' title='bbox 552 957 622 1023; x_wconf 71' lang='lat' dir='ltr'><strong>sopit</strong></span> <span class='ocrx_word' id='word_1_33' title='bbox 639 973 716 1008; x_wconf 79' lang='lat' dir='ltr'><strong>auara</strong></span> <span class='ocrx_word' id='word_1_34' title='bbox 731 956 806 1007; x_wconf 73' lang='lat' dir='ltr'><strong>nissae</strong></span> 
     </span>
     <span class='ocr_line' id='line_1_8' title="bbox 218 1038 889 1104; baseline 0 -16"><span class='ocrx_word' id='word_1_35' title='bbox 218 1039 290 1089; x_wconf 71' lang='lat' dir='ltr'><strong>Hane</strong></span> <span class='ocrx_word' id='word_1_36' title='bbox 305 1054 348 1104; x_wconf 74' lang='lat' dir='ltr'><strong>eqo</strong></span> <span class='ocrx_word' id='word_1_37' title='bbox 363 1053 412 1090; x_wconf 77' lang='lat' dir='ltr'><strong>aaa</strong></span> <span class='ocrx_word' id='word_1_38' title='bbox 428 1055 502 1100; x_wconf 83' lang='lat' dir='ltr'><strong>aare,</strong></span> <span class='ocrx_word' id='word_1_39' title='bbox 519 1054 568 1098; x_wconf 70' lang='lat' dir='ltr'><strong>nors</strong></span> <span class='ocrx_word' id='word_1_40' title='bbox 583 1039 654 1090; x_wconf 71' lang='lat' dir='ltr'><strong>Indis</strong></span> <span class='ocrx_word' id='word_1_41' title='bbox 670 1041 763 1102; x_wconf 69' lang='lat' dir='ltr'><strong>flectere</strong></span> <span class='ocrx_word' id='word_1_42' title='bbox 779 1038 889 1099; x_wconf 70' lang='lat' dir='ltr'><strong>mdis,</strong></span> 
     </span>
     <span class='ocr_line' id='line_1_9' title="bbox 253 1119 929 1187; baseline 0 -17"><span class='ocrx_word' id='word_1_43' title='bbox 253 1122 301 1170; x_wconf 82' lang='lat' dir='ltr'><strong>Sed</strong></span> <span class='ocrx_word' id='word_1_44' title='bbox 313 1121 382 1185; x_wconf 78' lang='lat' dir='ltr'><strong>potui</strong></span> <span class='ocrx_word' id='word_1_45' title='bbox 398 1121 483 1170; x_wconf 69' lang='lat' dir='ltr'><strong>tendi</strong></span> <span class='ocrx_word' id='word_1_46' title='bbox 497 1120 611 1171; x_wconf 79' lang='lat' dir='ltr'><strong>caminis</strong></span> <span class='ocrx_word' id='word_1_47' title='bbox 627 1121 743 1187; x_wconf 79' lang='lat' dir='ltr'><strong>obsequio.</strong></span> <span class='ocrx_word' id='word_1_48' title='bbox 778 1121 824 1184; x_wconf 78' lang='lat' dir='ltr'><strong>(ul.</strong></span> <span class='ocrx_word' id='word_1_49' title='bbox 841 1119 929 1184; x_wconf 81' lang='lat' dir='ltr'><strong>vm.)</strong></span> 
     </span>
     <span class='ocr_line' id='line_1_10' title="bbox 220 1203 865 1254; baseline 0 0"><span class='ocrx_word' id='word_1_50' title='bbox 220 1205 270 1254; x_wconf 83' lang='lat' dir='ltr'><strong>Nee</strong></span> <span class='ocrx_word' id='word_1_51' title='bbox 286 1203 346 1253; x_wconf 75' lang='lat' dir='ltr'><strong>mihi</strong></span> <span class='ocrx_word' id='word_1_52' title='bbox 362 1203 497 1253; x_wconf 71' lang='lat' dir='ltr'><strong>mamitus</strong></span> <span class='ocrx_word' id='word_1_53' title='bbox 512 1219 561 1254; x_wconf 73' lang='lat' dir='ltr'><strong>noa</strong></span> <span class='ocrx_word' id='word_1_54' title='bbox 577 1205 630 1254; x_wconf 81' lang='lat' dir='ltr'><strong>ulla</strong></span> <span class='ocrx_word' id='word_1_55' title='bbox 646 1208 682 1253; x_wconf 77' lang='lat' dir='ltr'><strong>eet</strong></span> <span class='ocrx_word' id='word_1_56' title='bbox 697 1208 760 1254; x_wconf 79' lang='lat' dir='ltr'><strong>emta</strong></span> <span class='ocrx_word' id='word_1_57' title='bbox 778 1203 865 1254; x_wconf 77' lang='lat' dir='ltr'><strong>beatior</strong></span> 
     </span>
     <span class='ocr_line' id='line_1_11' title="bbox 254 1283 883 1350; baseline -0.002 -15"><span class='ocrx_word' id='word_1_58' title='bbox 254 1286 376 1350; x_wconf 73' lang='lat' dir='ltr'><strong>Quicquid</strong></span> <span class='ocrx_word' id='word_1_59' title='bbox 389 1302 468 1344; x_wconf 66' lang='lat' dir='ltr'><strong>naua,</strong></span> <span class='ocrx_word' id='word_1_60' title='bbox 487 1286 531 1335; x_wconf 78' lang='lat' dir='ltr'><strong>hoe</strong></span> <span class='ocrx_word' id='word_1_61' title='bbox 547 1284 623 1334; x_wconf 78' lang='lat' dir='ltr'><strong>animi</strong></span> <span class='ocrx_word' id='word_1_62' title='bbox 637 1285 720 1349; x_wconf 71' lang='lat' dir='ltr'><strong>pratia</strong></span> <span class='ocrx_word' id='word_1_63' title='bbox 736 1300 823 1350; x_wconf 63' lang='lat' dir='ltr'><strong>moena</strong></span> <span class='ocrx_word' id='word_1_64' title='bbox 838 1283 883 1334; x_wconf 78' lang='lat' dir='ltr'><strong>tui.</strong></span> 
     </span>
     <span class='ocr_line' id='line_1_12' title="bbox 222 1366 879 1433; baseline 0 -16"><span class='ocrx_word' id='word_1_65' title='bbox 222 1368 278 1417; x_wconf 81' lang='lat' dir='ltr'><strong>Oum</strong></span> <span class='ocrx_word' id='word_1_66' title='bbox 295 1372 319 1417; x_wconf 81' lang='lat' dir='ltr'><strong>te</strong></span> <span class='ocrx_word' id='word_1_67' title='bbox 334 1373 384 1417; x_wconf 79' lang='lat' dir='ltr'><strong>tam</strong></span> <span class='ocrx_word' id='word_1_68' title='bbox 401 1367 472 1417; x_wconf 62' lang='lat' dir='ltr'><strong>mala</strong></span> <span class='ocrx_word' id='word_1_69' title='bbox 482 1371 606 1433; x_wconf 71' lang='lat' dir='ltr'><strong>peterent,</strong></span> <span class='ocrx_word' id='word_1_70' title='bbox 623 1373 650 1418; x_wconf 79' lang='lat' dir='ltr'><strong>ta</strong></span> <span class='ocrx_word' id='word_1_71' title='bbox 667 1383 704 1416; x_wconf 79' lang='lat' dir='ltr'><strong>me</strong></span> <span class='ocrx_word' id='word_1_72' title='bbox 720 1384 769 1417; x_wconf 76' lang='lat' dir='ltr'><strong>aaa</strong></span> <span class='ocrx_word' id='word_1_73' title='bbox 782 1366 879 1432; x_wconf 76' lang='lat' dir='ltr'><strong>petisti.-</strong></span> 
     </span>
     <span class='ocr_line' id='line_1_13' title="bbox 252 1447 1028 1515; baseline 0 -17"><span class='ocrx_word' id='word_1_74' title='bbox 252 1450 352 1500; x_wconf 77' lang='lat' dir='ltr'><strong>Poaaum</strong></span> <span class='ocrx_word' id='word_1_75' title='bbox 368 1465 409 1515; x_wconf 73' lang='lat' dir='ltr'><strong>eqo</strong></span> <span class='ocrx_word' id='word_1_76' title='bbox 425 1454 529 1500; x_wconf 64' lang='lat' dir='ltr'><strong>adurae</strong></span> <span class='ocrx_word' id='word_1_77' title='bbox 544 1467 592 1500; x_wconf 78' lang='lat' dir='ltr'><strong>aon</strong></span> <span class='ocrx_word' id='word_1_78' title='bbox 608 1449 739 1500; x_wconf 78' lang='lat' dir='ltr'><strong>meminisse</strong></span> <span class='ocrx_word' id='word_1_79' title='bbox 755 1449 834 1498; x_wconf 79' lang='lat' dir='ltr'><strong>tuae?</strong></span> <span class='ocrx_word' id='word_1_80' title='bbox 868 1447 916 1513; x_wconf 79' lang='lat' dir='ltr'><strong>(ul.</strong></span> <span class='ocrx_word' id='word_1_81' title='bbox 934 1448 1028 1508; x_wconf 83' lang='lat' dir='ltr'>XXII.)</span> 
     </span>
     <span class='ocr_line' id='line_1_14' title="bbox 48 1525 1115 1598; baseline 0.002 -20"><span class='ocrx_word' id='word_1_82' title='bbox 48 1529 140 1579; x_wconf 81' lang='lat' dir='ltr'><strong>Eadem</strong></span> <span class='ocrx_word' id='word_1_83' title='bbox 161 1530 249 1596; x_wconf 86' lang='lat' dir='ltr'><strong>passim</strong></span> <span class='ocrx_word' id='word_1_84' title='bbox 270 1532 370 1598; x_wconf 89' lang='lat' dir='ltr'><strong>repetita</strong></span> <span class='ocrx_word' id='word_1_85' title='bbox 391 1532 500 1582; x_wconf 80' lang='lat' dir='ltr'><strong>invenies.</strong></span> <span class='ocrx_word' id='word_1_86' title='bbox 523 1525 606 1582; x_wconf 82' lang='lat' dir='ltr'><strong>Pudlo</strong></span> <span class='ocrx_word' id='word_1_87' title='bbox 622 1536 700 1582; x_wconf 80' lang='lat' dir='ltr'><strong>tamen</strong></span> <span class='ocrx_word' id='word_1_88' title='bbox 717 1531 850 1597; x_wconf 87' lang='lat' dir='ltr'><strong>diligentius</strong></span> <span class='ocrx_word' id='word_1_89' title='bbox 866 1546 916 1581; x_wconf 91' lang='lat' dir='ltr'><strong>rem</strong></span> <span class='ocrx_word' id='word_1_90' title='bbox 933 1531 1115 1598; x_wconf 69' lang='lat' dir='ltr'><strong>perpendentes,</strong></span> 
     </span>
     <span class='ocr_line' id='line_1_15' title="bbox 18 1611 1115 1680; baseline 0.003 -20"><span class='ocrx_word' id='word_1_91' title='bbox 18 1627 43 1660; x_wconf 82' lang='lat' dir='ltr'><strong>ex</strong></span> <span class='ocrx_word' id='word_1_92' title='bbox 60 1612 107 1661; x_wconf 85' lang='lat' dir='ltr'><strong>hoo</strong></span> <span class='ocrx_word' id='word_1_93' title='bbox 124 1611 176 1678; x_wconf 90' lang='lat' dir='ltr'><strong>ipsu</strong></span> <span class='ocrx_word' id='word_1_94' title='bbox 194 1612 295 1664; x_wconf 83' lang='lat' dir='ltr'><strong>carmine</strong></span> <span class='ocrx_word' id='word_1_95' title='bbox 311 1630 407 1664; x_wconf 89' lang='lat' dir='ltr'><strong>manum</strong></span> <span class='ocrx_word' id='word_1_96' title='bbox 423 1612 597 1680; x_wconf 74' lang='lat' dir='ltr'><strong>interpolatoris</strong></span> <span class='ocrx_word' id='word_1_97' title='bbox 613 1613 748 1678; x_wconf 81' lang='lat' dir='ltr'><strong>detegimus.</strong></span> <span class='ocrx_word' id='word_1_98' title='bbox 773 1616 837 1663; x_wconf 88' lang='lat' dir='ltr'><strong>Nam</strong></span> <span class='ocrx_word' id='word_1_99' title='bbox 846 1613 867 1663; x_wconf 90' lang='lat' dir='ltr'><strong>si</strong></span> <span class='ocrx_word' id='word_1_100' title='bbox 875 1613 977 1679; x_wconf 82' lang='lat' dir='ltr'><strong>Cynthia</strong></span> <span class='ocrx_word' id='word_1_101' title='bbox 985 1617 1115 1664; x_wconf 85' lang='lat' dir='ltr'><strong>amatorum</strong></span> 
     </span>
     <span class='ocr_line' id='line_1_16' title="bbox 19 1694 1114 1762; baseline 0.003 -19"><span class='ocrx_word' id='word_1_102' title='bbox 19 1709 140 1744; x_wconf 83' lang='lat' dir='ltr'><strong>crumenas</strong></span> <span class='ocrx_word' id='word_1_103' title='bbox 157 1711 249 1761; x_wconf 89' lang='lat' dir='ltr'><strong>semper</strong></span> <span class='ocrx_word' id='word_1_104' title='bbox 264 1696 419 1762; x_wconf 76' lang='lat' dir='ltr'><strong>ponderabat,</strong></span> <span class='ocrx_word' id='word_1_105' title='bbox 437 1694 532 1748; x_wconf 83' lang='lat' dir='ltr'><strong>obvium</strong></span> <span class='ocrx_word' id='word_1_106' title='bbox 548 1699 598 1746; x_wconf 89' lang='lat' dir='ltr'><strong>erat</strong></span> <span class='ocrx_word' id='word_1_107' title='bbox 615 1697 750 1746; x_wconf 75' lang='lat' dir='ltr'><strong>Praetorem</strong></span> <span class='ocrx_word' id='word_1_108' title='bbox 766 1694 823 1745; x_wconf 89' lang='lat' dir='ltr'><strong>bena</strong></span> <span class='ocrx_word' id='word_1_109' title='bbox 838 1699 985 1746; x_wconf 86' lang='lat' dir='ltr'><strong>nummatum</strong></span> <span class='ocrx_word' id='word_1_110' title='bbox 998 1697 1114 1762; x_wconf 87' lang='lat' dir='ltr'><strong>extemplo</strong></span> 
     </span>
     <span class='ocr_line' id='line_1_17' title="bbox 18 1778 1114 1850; baseline 0.001 -22"><span class='ocrx_word' id='word_1_111' title='bbox 18 1778 66 1828; x_wconf 77' lang='lat' dir='ltr'><strong>voti</strong></span> <span class='ocrx_word' id='word_1_112' title='bbox 84 1781 219 1845; x_wconf 83' lang='lat' dir='ltr'><strong>compotem</strong></span> <span class='ocrx_word' id='word_1_113' title='bbox 235 1795 297 1838; x_wconf 88' lang='lat' dir='ltr'><strong>esse,</strong></span> <span class='ocrx_word' id='word_1_114' title='bbox 315 1795 357 1829; x_wconf 90' lang='lat' dir='ltr'><strong>nee</strong></span> <span class='ocrx_word' id='word_1_115' title='bbox 373 1782 455 1847; x_wconf 82' lang='lat' dir='ltr'><strong>poete,</strong></span> <span class='ocrx_word' id='word_1_116' title='bbox 473 1779 513 1845; x_wconf 88' lang='lat' dir='ltr'><strong>qui</strong></span> <span class='ocrx_word' id='word_1_117' title='bbox 521 1795 571 1829; x_wconf 90' lang='lat' dir='ltr'><strong>eam</strong></span> <span class='ocrx_word' id='word_1_118' title='bbox 580 1779 613 1828; x_wconf 88' lang='lat' dir='ltr'><strong>sio</strong></span> <span class='ocrx_word' id='word_1_119' title='bbox 621 1781 727 1850; x_wconf 78' lang='lat' dir='ltr'><strong>enatura</strong></span> <span class='ocrx_word' id='word_1_120' title='bbox 734 1781 835 1830; x_wconf 84' lang='lat' dir='ltr'><strong>efflatam</strong></span> <span class='ocrx_word' id='word_1_121' title='bbox 843 1782 953 1838; x_wconf 85' lang='lat' dir='ltr'><strong>noverat,</strong></span> <span class='ocrx_word' id='word_1_122' title='bbox 962 1779 1114 1829; x_wconf 79' lang='lat' dir='ltr'><strong>exclamabit:</strong></span> 
     </span>
     <span class='ocr_line' id='line_1_18' title="bbox 18 1861 1116 1928; baseline -0.001 -18"><span class='ocrx_word' id='word_1_123' title='bbox 18 1863 84 1926; x_wconf 76' lang='lat' dir='ltr'><strong>Erqo</strong></span> <span class='ocrx_word' id='word_1_124' title='bbox 93 1863 231 1912; x_wconf 66' lang='lat' dir='ltr'><strong>mewa-idua</strong></span> <span class='ocrx_word' id='word_1_125' title='bbox 240 1861 317 1928; x_wconf 80' lang='lat' dir='ltr'><strong>quivis</strong></span> <span class='ocrx_word' id='word_1_126' title='bbox 325 1862 566 1912; x_wconf 73' lang='lat' dir='ltr'><strong>mercaturamores?</strong></span> <span class='ocrx_word' id='word_1_127' title='bbox 589 1861 713 1927; x_wconf 74' lang='lat' dir='ltr'><strong>Iuppiter,</strong></span> <span class='ocrx_word' id='word_1_128' title='bbox 727 1861 867 1926; x_wconf 67' lang='lat' dir='ltr'><strong>iudiearem!</strong></span> <span class='ocrx_word' id='word_1_129' title='bbox 876 1877 951 1912; x_wconf 73' lang='lat' dir='ltr'><strong>mem</strong></span> <span class='ocrx_word' id='word_1_130' title='bbox 957 1862 1038 1926; x_wconf 81' lang='lat' dir='ltr'><strong>puella</strong></span> <span class='ocrx_word' id='word_1_131' title='bbox 1044 1861 1116 1925; x_wconf 81' lang='lat' dir='ltr'><strong>perit.</strong></span> 
     </span>
    </p>
   </div>
   <div class='ocr_carea' id='block_1_3' title="bbox 19 1942 1116 2176">
    <p class='ocr_par' dir='ltr' id='par_1_3' title="bbox 19 1942 1116 2176">
     <span class='ocr_line' id='line_1_19' title="bbox 19 1942 1116 2012; baseline -0.002 -18"><span class='ocrx_word' id='word_1_132' title='bbox 19 1945 97 1994; x_wconf 87' lang='lat' dir='ltr'><strong>Meroe</strong></span> <span class='ocrx_word' id='word_1_133' title='bbox 120 1945 233 2010; x_wconf 79' lang='lat' dir='ltr'><strong>perierat,</strong></span> <span class='ocrx_word' id='word_1_134' title='bbox 256 1960 333 1996; x_wconf 85' lang='lat' dir='ltr'><strong>merea</strong></span> <span class='ocrx_word' id='word_1_135' title='bbox 356 1945 431 2012; x_wconf 85' lang='lat' dir='ltr'><strong>perit;</strong></span> <span class='ocrx_word' id='word_1_136' title='bbox 455 1944 510 2010; x_wconf 90' lang='lat' dir='ltr'><strong>quid</strong></span> <span class='ocrx_word' id='word_1_137' title='bbox 527 1945 631 1994; x_wconf 77' lang='lat' dir='ltr'><strong>mirum?</strong></span> <span class='ocrx_word' id='word_1_138' title='bbox 649 1945 700 1994; x_wconf 88' lang='lat' dir='ltr'><strong>Nae</strong></span> <span class='ocrx_word' id='word_1_139' title='bbox 717 1943 854 2010; x_wconf 83' lang='lat' dir='ltr'><strong>Propertius</strong></span> <span class='ocrx_word' id='word_1_140' title='bbox 871 1943 970 1992; x_wconf 85' lang='lat' dir='ltr'><strong>amicam</strong></span> <span class='ocrx_word' id='word_1_141' title='bbox 987 1942 1116 1993; x_wconf 85' lang='lat' dir='ltr'><strong>obtestatur</strong></span> 
     </span>
     <span class='ocr_line' id='line_1_20' title="bbox 19 2024 1116 2093; baseline -0.001 -18"><span class='ocrx_word' id='word_1_142' title='bbox 19 2027 69 2090; x_wconf 90' lang='lat' dir='ltr'><strong>quia</strong></span> <span class='ocrx_word' id='word_1_143' title='bbox 91 2031 244 2092; x_wconf 81' lang='lat' dir='ltr'><strong>peceaverat,</strong></span> <span class='ocrx_word' id='word_1_144' title='bbox 269 2027 308 2076; x_wconf 85' lang='lat' dir='ltr'><strong>sed</strong></span> <span class='ocrx_word' id='word_1_145' title='bbox 336 2027 390 2093; x_wconf 91' lang='lat' dir='ltr'><strong>quia</strong></span> <span class='ocrx_word' id='word_1_146' title='bbox 411 2026 528 2092; x_wconf 76' lang='lat' dir='ltr'><strong>Jirrmeais</strong></span> <span class='ocrx_word' id='word_1_147' title='bbox 555 2026 640 2076; x_wconf 74' lang='lat' dir='ltr'><strong>levitae</strong></span> <span class='ocrx_word' id='word_1_148' title='bbox 665 2042 754 2092; x_wconf 79' lang='lat' dir='ltr'><strong>semper</strong></span> <span class='ocrx_word' id='word_1_149' title='bbox 782 2025 861 2076; x_wconf 72' lang='lat' dir='ltr'><strong>amica</strong></span> <span class='ocrx_word' id='word_1_150' title='bbox 882 2025 944 2092; x_wconf 73' lang='lat' dir='ltr'><strong>ficit.</strong></span> <span class='ocrx_word' id='word_1_151' title='bbox 978 2024 1116 2074; x_wconf 87' lang='lat' dir='ltr'><strong>Muneribus</strong></span> 
     </span>
     <span class='ocr_line' id='line_1_21' title="bbox 20 2105 1114 2176; baseline -0.001 -20"><span class='ocrx_word' id='word_1_152' title='bbox 20 2108 103 2158; x_wconf 86' lang='lat' dir='ltr'><strong>vietam</strong></span> <span class='ocrx_word' id='word_1_153' title='bbox 121 2109 223 2174; x_wconf 85' lang='lat' dir='ltr'><strong>puellam</strong></span> <span class='ocrx_word' id='word_1_154' title='bbox 239 2109 319 2173; x_wconf 81' lang='lat' dir='ltr'><strong>arguit</strong></span> <span class='ocrx_word' id='word_1_155' title='bbox 335 2112 440 2168; x_wconf 85' lang='lat' dir='ltr'><strong>ametor,</strong></span> <span class='ocrx_word' id='word_1_156' title='bbox 468 2110 507 2158; x_wconf 93' lang='lat' dir='ltr'><strong>sed</strong></span> <span class='ocrx_word' id='word_1_157' title='bbox 527 2110 636 2176; x_wconf 77' lang='lat' dir='ltr'><strong>profusae</strong></span> <span class='ocrx_word' id='word_1_158' title='bbox 652 2108 752 2159; x_wconf 85' lang='lat' dir='ltr'><strong>luxuriei</strong></span> <span class='ocrx_word' id='word_1_159' title='bbox 769 2108 876 2159; x_wconf 84' lang='lat' dir='ltr'><strong>stimulos</strong></span> <span class='ocrx_word' id='word_1_160' title='bbox 893 2105 1019 2173; x_wconf 83' lang='lat' dir='ltr'><strong>exprobrat</strong></span> <span class='ocrx_word' id='word_1_161' title='bbox 1036 2107 1114 2173; x_wconf 90' lang='lat' dir='ltr'><strong>potius</strong></span> 
     </span>
    </p>
   </div>
   <div class='ocr_carea' id='block_1_4' title="bbox 20 2188 1114 2504">
    <p class='ocr_par' dir='ltr' id='par_1_4' title="bbox 20 2188 1114 2504">
     <span class='ocr_line' id='line_1_22' title="bbox 20 2188 1114 2256; baseline -0.001 -18"><span class='ocrx_word' id='word_1_162' title='bbox 20 2206 85 2253; x_wconf 87' lang='lat' dir='ltr'><strong>quam</strong></span> <span class='ocrx_word' id='word_1_163' title='bbox 102 2191 234 2256; x_wconf 80' lang='lat' dir='ltr'><strong>turpiorem</strong></span> <span class='ocrx_word' id='word_1_164' title='bbox 250 2191 316 2240; x_wconf 88' lang='lat' dir='ltr'><strong>illam</strong></span> <span class='ocrx_word' id='word_1_165' title='bbox 332 2190 433 2240; x_wconf 84' lang='lat' dir='ltr'><strong>habendi</strong></span> <span class='ocrx_word' id='word_1_166' title='bbox 449 2190 615 2256; x_wconf 83' lang='lat' dir='ltr'><strong>cupiditatem,</strong></span> <span class='ocrx_word' id='word_1_167' title='bbox 633 2207 691 2256; x_wconf 87' lang='lat' dir='ltr'><strong>quae</strong></span> <span class='ocrx_word' id='word_1_168' title='bbox 698 2191 744 2240; x_wconf 89' lang='lat' dir='ltr'><strong>hoe</strong></span> <span class='ocrx_word' id='word_1_169' title='bbox 753 2190 828 2239; x_wconf 90' lang='lat' dir='ltr'><strong>selum</strong></span> <span class='ocrx_word' id='word_1_170' title='bbox 837 2189 958 2255; x_wconf 85' lang='lat' dir='ltr'><strong>expendit,</strong></span> <span class='ocrx_word' id='word_1_171' title='bbox 968 2205 997 2240; x_wconf 84' lang='lat' dir='ltr'><strong>aa</strong></span> <span class='ocrx_word' id='word_1_172' title='bbox 1006 2188 1114 2238; x_wconf 81' lang='lat' dir='ltr'><strong>moechus</strong></span> 
     </span>
     <span class='ocr_line' id='line_1_23' title="bbox 21 2271 1113 2338; baseline 0 -17"><span class='ocrx_word' id='word_1_173' title='bbox 21 2288 67 2322; x_wconf 80' lang='lat' dir='ltr'><strong>aare</strong></span> <span class='ocrx_word' id='word_1_174' title='bbox 84 2274 116 2323; x_wconf 86' lang='lat' dir='ltr'><strong>sit</strong></span> <span class='ocrx_word' id='word_1_175' title='bbox 134 2274 219 2338; x_wconf 80' lang='lat' dir='ltr'><strong>gravis.</strong></span> <span class='ocrx_word' id='word_1_176' title='bbox 246 2273 352 2323; x_wconf 85' lang='lat' dir='ltr'><strong>Luxuria</strong></span> <span class='ocrx_word' id='word_1_177' title='bbox 368 2273 414 2322; x_wconf 84' lang='lat' dir='ltr'><strong>fuit</strong></span> <span class='ocrx_word' id='word_1_178' title='bbox 431 2273 541 2322; x_wconf 80' lang='lat' dir='ltr'><strong>avaritiae</strong></span> <span class='ocrx_word' id='word_1_179' title='bbox 556 2276 633 2322; x_wconf 84' lang='lat' dir='ltr'><strong>mater</strong></span> <span class='ocrx_word' id='word_1_180' title='bbox 649 2276 673 2322; x_wconf 89' lang='lat' dir='ltr'><strong>et</strong></span> <span class='ocrx_word' id='word_1_181' title='bbox 689 2273 714 2322; x_wconf 86' lang='lat' dir='ltr'><strong>iu</strong></span> <span class='ocrx_word' id='word_1_182' title='bbox 732 2271 824 2338; x_wconf 88' lang='lat' dir='ltr'><strong>eulpam</strong></span> <span class='ocrx_word' id='word_1_183' title='bbox 840 2271 926 2330; x_wconf 88' lang='lat' dir='ltr'><strong>traxit;</strong></span> <span class='ocrx_word' id='word_1_184' title='bbox 943 2271 998 2321; x_wconf 88' lang='lat' dir='ltr'><strong>hino</strong></span> <span class='ocrx_word' id='word_1_185' title='bbox 1014 2272 1113 2321; x_wconf 88' lang='lat' dir='ltr'><strong>iuseota·</strong></span> 
     </span>
     <span class='ocr_line' id='line_1_24' title="bbox 21 2353 1112 2420; baseline -0.001 -17"><span class='ocrx_word' id='word_1_186' title='bbox 21 2356 90 2406; x_wconf 88' lang='lat' dir='ltr'><strong>tiones</strong></span> <span class='ocrx_word' id='word_1_187' title='bbox 106 2357 134 2405; x_wconf 93' lang='lat' dir='ltr'><strong>in</strong></span> <span class='ocrx_word' id='word_1_188' title='bbox 150 2359 239 2415; x_wconf 85' lang='lat' dir='ltr'><strong>vestes,</strong></span> <span class='ocrx_word' id='word_1_189' title='bbox 257 2355 282 2404; x_wconf 90' lang='lat' dir='ltr'><strong>in</strong></span> <span class='ocrx_word' id='word_1_190' title='bbox 299 2355 435 2419; x_wconf 77' lang='lat' dir='ltr'><strong>smaragdos</strong></span> <span class='ocrx_word' id='word_1_191' title='bbox 452 2357 476 2404; x_wconf 85' lang='lat' dir='ltr'><strong>et</strong></span> <span class='ocrx_word' id='word_1_192' title='bbox 492 2355 656 2420; x_wconf 84' lang='lat' dir='ltr'><strong>chrysolithos.</strong></span> <span class='ocrx_word' id='word_1_193' title='bbox 672 2383 706 2392; x_wconf 91' lang='lat'><em>-</em></span> <span class='ocrx_word' id='word_1_194' title='bbox 722 2354 847 2404; x_wconf 85' lang='lat' dir='ltr'><strong>Distichou</strong></span> <span class='ocrx_word' id='word_1_195' title='bbox 862 2353 1112 2420; x_wconf 88' lang='lat' dir='ltr'><strong>suppositumomitte,</strong></span> 
     </span>
     <span class='ocr_line' id='line_1_25' title="bbox 22 2437 569 2504; baseline 0.004 -20"><span class='ocrx_word' id='word_1_196' title='bbox 22 2453 59 2486; x_wconf 84' lang='lat' dir='ltr'><strong>uae</strong></span> <span class='ocrx_word' id='word_1_197' title='bbox 75 2439 191 2488; x_wconf 88' lang='lat' dir='ltr'><strong>sententia</strong></span> <span class='ocrx_word' id='word_1_198' title='bbox 207 2438 313 2498; x_wconf 87' lang='lat' dir='ltr'><strong>laborat,</strong></span> <span class='ocrx_word' id='word_1_199' title='bbox 331 2437 387 2504; x_wconf 91' lang='lat' dir='ltr'><strong>quin</strong></span> <span class='ocrx_word' id='word_1_200' title='bbox 404 2437 455 2487; x_wconf 89' lang='lat' dir='ltr'><strong>fluit</strong></span> <span class='ocrx_word' id='word_1_201' title='bbox 471 2438 569 2487; x_wconf 84' lang='lat' dir='ltr'><strong>fecilior.</strong></span> 
     </span>
    </p>
   </div>
   <div class='ocr_carea' id='block_1_5' title="bbox 22 2525 1113 3830">
    <p class='ocr_par' dir='ltr' id='par_1_5' title="bbox 22 2525 1113 3830">
     <span class='ocr_line' id='line_1_26' title="bbox 52 2525 800 2592; baseline 0 -17"><span class='ocrx_word' id='word_1_202' title='bbox 52 2527 90 2578; x_wconf 84' lang='lat'><strong>15.</strong></span> <span class='ocrx_word' id='word_1_203' title='bbox 126 2527 250 2576; x_wconf 89' lang='lat' dir='ltr'><strong>Distiehon</strong></span> <span class='ocrx_word' id='word_1_204' title='bbox 267 2543 295 2577; x_wconf 86' lang='lat' dir='ltr'><strong>ex</strong></span> <span class='ocrx_word' id='word_1_205' title='bbox 312 2526 449 2592; x_wconf 83' lang='lat' dir='ltr'><strong>fragmentis</strong></span> <span class='ocrx_word' id='word_1_206' title='bbox 466 2525 504 2575; x_wconf 84' lang='lat' dir='ltr'><strong>El.</strong></span> <span class='ocrx_word' id='word_1_207' title='bbox 522 2527 606 2576; x_wconf 87' lang='lat' dir='ltr'>XXIX</span> <span class='ocrx_word' id='word_1_208' title='bbox 623 2527 669 2576; x_wconf 88' lang='lat' dir='ltr'><strong>hue</strong></span> <span class='ocrx_word' id='word_1_209' title='bbox 685 2526 800 2577; x_wconf 80' lang='lat' dir='ltr'><strong>revocavi.</strong></span> 
     </span>
     <span class='ocr_line' id='line_1_27' title="bbox 54 2607 1113 2674; baseline 0.002 -16"><span class='ocrx_word' id='word_1_210' title='bbox 54 2610 91 2659; x_wconf 91' lang='lat'><strong>18.</strong></span> <span class='ocrx_word' id='word_1_211' title='bbox 129 2611 201 2659; x_wconf 79' lang='lat' dir='ltr'><strong>Grau.</strong></span> <span class='ocrx_word' id='word_1_212' title='bbox 218 2610 360 2674; x_wconf 64' lang='lat' dir='ltr'><strong>indiffusam!</strong></span> <span class='ocrx_word' id='word_1_213' title='bbox 376 2608 507 2672; x_wconf 81' lang='lat' dir='ltr'><strong>interjectio</strong></span> <span class='ocrx_word' id='word_1_214' title='bbox 522 2608 672 2674; x_wconf 75' lang='lat' dir='ltr'><strong>indignantis.</strong></span> <span class='ocrx_word' id='word_1_215' title='bbox 690 2609 781 2658; x_wconf 73' lang='lat' dir='ltr'><strong>(laeteri</strong></span> <span class='ocrx_word' id='word_1_216' title='bbox 798 2607 980 2674; x_wconf 73' lang='lat' dir='ltr'><strong>Codds‘ndipna</strong></span> <span class='ocrx_word' id='word_1_217' title='bbox 988 2625 1070 2661; x_wconf 65' lang='lat' dir='ltr'><strong>mnae.</strong></span> <span class='ocrx_word' id='word_1_218' title='bbox 1080 2638 1113 2650; x_wconf 87' lang='lat'><em>-</em></span> 
     </span>
     <span class='ocr_line' id='line_1_28' title="bbox 22 2691 719 2742; baseline 0.003 -3"><span class='ocrx_word' id='word_1_219' title='bbox 22 2691 74 2742; x_wconf 87' lang='lat' dir='ltr'><strong>Post</strong></span> <span class='ocrx_word' id='word_1_220' title='bbox 89 2693 154 2742; x_wconf 89' lang='lat' dir='ltr'><strong>hune</strong></span> <span class='ocrx_word' id='word_1_221' title='bbox 169 2707 264 2741; x_wconf 81' lang='lat' dir='ltr'><strong>versum</strong></span> <span class='ocrx_word' id='word_1_222' title='bbox 282 2691 389 2741; x_wconf 83' lang='lat' dir='ltr'><strong>Oodioes:</strong></span> <span class='ocrx_word' id='word_1_223' title='bbox 717 2701 719 2704; x_wconf 83' lang='lat'>&#39;</span> 
     </span>
     <span class='ocr_line' id='line_1_29' title="bbox 219 2775 896 2841; baseline 0 -17"><span class='ocrx_word' id='word_1_224' title='bbox 219 2777 316 2840; x_wconf 89' lang='lat' dir='ltr'><strong>Semper</strong></span> <span class='ocrx_word' id='word_1_225' title='bbox 332 2775 357 2824; x_wconf 91' lang='lat' dir='ltr'><strong>iu</strong></span> <span class='ocrx_word' id='word_1_226' title='bbox 375 2775 494 2824; x_wconf 83' lang='lat' dir='ltr'><strong>Oceanum</strong></span> <span class='ocrx_word' id='word_1_227' title='bbox 510 2775 586 2824; x_wconf 88' lang='lat' dir='ltr'><strong>mittit</strong></span> <span class='ocrx_word' id='word_1_228' title='bbox 602 2791 639 2824; x_wconf 91' lang='lat' dir='ltr'><strong>me</strong></span> <span class='ocrx_word' id='word_1_229' title='bbox 656 2789 764 2841; x_wconf 87' lang='lat' dir='ltr'><strong>quaerere</strong></span> <span class='ocrx_word' id='word_1_230' title='bbox 780 2789 896 2839; x_wconf 82' lang='lat' dir='ltr'><strong>gemmas,</strong></span> 
     </span>
     <span class='ocr_line' id='line_1_30' title="bbox 250 2856 741 2922; baseline 0 -16"><span class='ocrx_word' id='word_1_231' title='bbox 250 2857 283 2906; x_wconf 80' lang='lat' dir='ltr'><strong>ut</strong></span> <span class='ocrx_word' id='word_1_232' title='bbox 297 2856 367 2920; x_wconf 87' lang='lat' dir='ltr'><strong>jubet</strong></span> <span class='ocrx_word' id='word_1_233' title='bbox 383 2873 411 2906; x_wconf 81' lang='lat' dir='ltr'><strong>ex</strong></span> <span class='ocrx_word' id='word_1_234' title='bbox 429 2857 480 2922; x_wconf 90' lang='lat' dir='ltr'><strong>ipsa</strong></span> <span class='ocrx_word' id='word_1_235' title='bbox 496 2856 577 2906; x_wconf 88' lang='lat' dir='ltr'><strong>tollere</strong></span> <span class='ocrx_word' id='word_1_236' title='bbox 594 2857 655 2906; x_wconf 89' lang='lat' dir='ltr'><strong>dona</strong></span> <span class='ocrx_word' id='word_1_237' title='bbox 670 2858 741 2922; x_wconf 78' lang='lat' dir='ltr'><strong>Pyro.</strong></span> 
     </span>
     <span class='ocr_line' id='line_1_31' title="bbox 26 2937 1111 3008; baseline 0.003 -22"><span class='ocrx_word' id='word_1_238' title='bbox 26 2939 78 2990; x_wconf 83' lang='lat' dir='ltr'><strong>Vide</strong></span> <span class='ocrx_word' id='word_1_239' title='bbox 100 2957 159 3008; x_wconf 90' lang='lat' dir='ltr'><strong>quae</strong></span> <span class='ocrx_word' id='word_1_240' title='bbox 181 2955 252 3006; x_wconf 88' lang='lat' dir='ltr'><strong>supra</strong></span> <span class='ocrx_word' id='word_1_241' title='bbox 274 2939 302 2988; x_wconf 88' lang='lat' dir='ltr'><strong>ad</strong></span> <span class='ocrx_word' id='word_1_242' title='bbox 324 2955 347 2988; x_wconf 83' lang='lat' dir='ltr'><strong>v.</strong></span> <span class='ocrx_word' id='word_1_243' title='bbox 373 2940 404 2987; x_wconf 83' lang='lat'><strong>12</strong></span> <span class='ocrx_word' id='word_1_244' title='bbox 426 2939 513 2990; x_wconf 87' lang='lat' dir='ltr'><strong>notavi.</strong></span> <span class='ocrx_word' id='word_1_245' title='bbox 546 2939 612 2988; x_wconf 86' lang='lat' dir='ltr'><strong>Adde</strong></span> <span class='ocrx_word' id='word_1_246' title='bbox 640 2940 762 3002; x_wconf 84' lang='lat' dir='ltr'><strong>invenusta</strong></span> <span class='ocrx_word' id='word_1_247' title='bbox 788 2937 841 2988; x_wconf 89' lang='lat' dir='ltr'><strong>illa:</strong></span> <span class='ocrx_word' id='word_1_248' title='bbox 869 2939 963 3003; x_wconf 73' lang='lat' dir='ltr'><strong>desuper</strong></span> <span class='ocrx_word' id='word_1_249' title='bbox 987 2937 1061 2989; x_wconf 78' lang='lat' dir='ltr'><strong>mittit</strong></span> <span class='ocrx_word' id='word_1_250' title='bbox 1085 2939 1111 2989; x_wconf 78' lang='lat' dir='ltr'><strong>iu</strong></span> 
     </span>
     <span class='ocr_line' id='line_1_32' title="bbox 24 3020 1110 3089; baseline 0 -17"><span class='ocrx_word' id='word_1_251' title='bbox 24 3024 153 3080; x_wconf 63' lang='lat' dir='ltr'><strong>Oeneum,-</strong></span> <span class='ocrx_word' id='word_1_252' title='bbox 170 3038 200 3072; x_wconf 75' lang='lat' dir='ltr'><strong>en</strong></span> <span class='ocrx_word' id='word_1_253' title='bbox 216 3022 269 3086; x_wconf 79' lang='lat' dir='ltr'><strong>ipsa</strong></span> <span class='ocrx_word' id='word_1_254' title='bbox 291 3023 358 3084; x_wconf 64' lang='lat' dir='ltr'><strong>ipro.</strong></span> <span class='ocrx_word' id='word_1_255' title='bbox 377 3022 458 3087; x_wconf 72' lang='lat' dir='ltr'><strong>Quid?</strong></span> <span class='ocrx_word' id='word_1_256' title='bbox 475 3025 563 3071; x_wconf 88' lang='lat' dir='ltr'><strong>vestem</strong></span> <span class='ocrx_word' id='word_1_257' title='bbox 579 3037 738 3088; x_wconf 90' lang='lat' dir='ltr'><strong>purpuream,</strong></span> <span class='ocrx_word' id='word_1_258' title='bbox 755 3020 826 3086; x_wconf 87' lang='lat' dir='ltr'><strong>Tyrio</strong></span> <span class='ocrx_word' id='word_1_259' title='bbox 836 3021 924 3069; x_wconf 85' lang='lat' dir='ltr'><strong>murice</strong></span> <span class='ocrx_word' id='word_1_260' title='bbox 932 3021 1041 3081; x_wconf 81' lang='lat' dir='ltr'><strong>tinctam,</strong></span> <span class='ocrx_word' id='word_1_261' title='bbox 1055 3038 1110 3089; x_wconf 89' lang='lat' dir='ltr'><strong>pro·</strong></span> 
     </span>
     <span class='ocr_line' id='line_1_33' title="bbox 23 3103 1110 3170; baseline 0.002 -18"><span class='ocrx_word' id='word_1_262' title='bbox 23 3105 130 3168; x_wconf 80' lang='lat' dir='ltr'><strong>digiosnm</strong></span> <span class='ocrx_word' id='word_1_263' title='bbox 144 3106 232 3154; x_wconf 90' lang='lat' dir='ltr'><strong>donum</strong></span> <span class='ocrx_word' id='word_1_264' title='bbox 246 3103 327 3154; x_wconf 74' lang='lat' dir='ltr'><strong>dieas?</strong></span> <span class='ocrx_word' id='word_1_265' title='bbox 349 3104 406 3162; x_wconf 88' lang='lat' dir='ltr'><strong>Sed,</strong></span> <span class='ocrx_word' id='word_1_266' title='bbox 424 3119 461 3152; x_wconf 91' lang='lat' dir='ltr'><strong>me</strong></span> <span class='ocrx_word' id='word_1_267' title='bbox 477 3103 568 3162; x_wconf 79' lang='lat' dir='ltr'><strong>hercle,</strong></span> <span class='ocrx_word' id='word_1_268' title='bbox 585 3104 702 3153; x_wconf 87' lang='lat' dir='ltr'><strong>eommuui</strong></span> <span class='ocrx_word' id='word_1_269' title='bbox 719 3105 818 3168; x_wconf 90' lang='lat' dir='ltr'><strong>quodam</strong></span> <span class='ocrx_word' id='word_1_270' title='bbox 834 3103 860 3151; x_wconf 89' lang='lat' dir='ltr'><strong>iu</strong></span> <span class='ocrx_word' id='word_1_271' title='bbox 875 3119 921 3152; x_wconf 87' lang='lat' dir='ltr'><strong>usu</strong></span> <span class='ocrx_word' id='word_1_272' title='bbox 937 3106 1003 3154; x_wconf 88' lang='lat' dir='ltr'><strong>erent</strong></span> <span class='ocrx_word' id='word_1_273' title='bbox 1020 3103 1110 3170; x_wconf 81' lang='lat' dir='ltr'><strong>elegan-</strong></span> 
     </span>
     <span class='ocr_line' id='line_1_34' title="bbox 23 3184 1022 3253; baseline 0.001 -18"><span class='ocrx_word' id='word_1_274' title='bbox 23 3187 114 3239; x_wconf 76' lang='lat' dir='ltr'><strong>tiorIbus</strong></span> <span class='ocrx_word' id='word_1_275' title='bbox 129 3187 233 3239; x_wconf 85' lang='lat' dir='ltr'><strong>romania</strong></span> <span class='ocrx_word' id='word_1_276' title='bbox 250 3185 344 3253; x_wconf 85' lang='lat' dir='ltr'><strong>puellis,</strong></span> <span class='ocrx_word' id='word_1_277' title='bbox 362 3188 422 3236; x_wconf 85' lang='lat' dir='ltr'><strong>teste</strong></span> <span class='ocrx_word' id='word_1_278' title='bbox 438 3185 529 3234; x_wconf 82' lang='lat' dir='ltr'><strong>Tibullo</strong></span> <span class='ocrx_word' id='word_1_279' title='bbox 545 3185 607 3235; x_wconf 89' lang='lat' dir='ltr'><strong>iuter</strong></span> <span class='ocrx_word' id='word_1_280' title='bbox 624 3190 738 3245; x_wconf 86' lang='lat' dir='ltr'><strong>caeteros,</strong></span> <span class='ocrx_word' id='word_1_281' title='bbox 757 3184 810 3235; x_wconf 84' lang='lat' dir='ltr'><strong>Lib.</strong></span> <span class='ocrx_word' id='word_1_282' title='bbox 829 3186 881 3246; x_wconf 91' lang='lat' dir='ltr'><strong>IV,</strong></span> <span class='ocrx_word' id='word_1_283' title='bbox 897 3186 935 3236; x_wconf 85' lang='lat' dir='ltr'><strong>Ill.</strong></span> <span class='ocrx_word' id='word_1_284' title='bbox 955 3187 984 3236; x_wconf 74' lang='lat'><strong>2:</strong></span> <span class='ocrx_word' id='word_1_285' title='bbox 1020 3196 1022 3200; x_wconf 88' lang='grc'><strong>’</strong></span> 
     </span>
     <span class='ocr_line' id='line_1_35' title="bbox 250 3268 850 3335; baseline 0 -17"><span class='ocrx_word' id='word_1_286' title='bbox 250 3271 308 3320; x_wconf 82' lang='lat' dir='ltr'><strong>Sola</strong></span> <span class='ocrx_word' id='word_1_287' title='bbox 319 3271 457 3335; x_wconf 80' lang='lat' dir='ltr'><strong>puellarum</strong></span> <span class='ocrx_word' id='word_1_288' title='bbox 475 3268 548 3332; x_wconf 69' lang='lat' dir='ltr'><strong>dique</strong></span> <span class='ocrx_word' id='word_1_289' title='bbox 565 3272 613 3327; x_wconf 80' lang='lat' dir='ltr'><strong>ert,</strong></span> <span class='ocrx_word' id='word_1_290' title='bbox 631 3269 671 3319; x_wconf 82' lang='lat' dir='ltr'><strong>eui</strong></span> <span class='ocrx_word' id='word_1_291' title='bbox 687 3269 770 3318; x_wconf 79' lang='lat' dir='ltr'><strong>mollia</strong></span> <span class='ocrx_word' id='word_1_292' title='bbox 786 3268 850 3318; x_wconf 82' lang='lat' dir='ltr'><strong>saria</strong></span> 
     </span>
     <span class='ocr_line' id='line_1_36' title="bbox 288 3351 823 3417; baseline 0.004 -19"><span class='ocrx_word' id='word_1_293' title='bbox 288 3351 382 3402; x_wconf 79' lang='lat' dir='ltr'><strong>Vellera</strong></span> <span class='ocrx_word' id='word_1_294' title='bbox 399 3353 439 3402; x_wconf 79' lang='lat' dir='ltr'><strong>det</strong></span> <span class='ocrx_word' id='word_1_295' title='bbox 449 3351 518 3416; x_wconf 75' lang='lat' dir='ltr'><strong>suce&#39;a</strong></span> <span class='ocrx_word' id='word_1_296' title='bbox 534 3351 569 3401; x_wconf 79' lang='lat' dir='ltr'><strong>die</strong></span> <span class='ocrx_word' id='word_1_297' title='bbox 586 3352 722 3417; x_wconf 77' lang='lat' dir='ltr'><strong>madefacta</strong></span> <span class='ocrx_word' id='word_1_298' title='bbox 744 3353 823 3414; x_wconf 68' lang='lat' dir='ltr'><strong>Pyros.</strong></span> 
     </span>
     <span class='ocr_line' id='line_1_37' title="bbox 26 3431 969 3500; baseline 0.001 -18"><span class='ocrx_word' id='word_1_299' title='bbox 26 3433 59 3482; x_wconf 75' lang='lat' dir='ltr'><strong>En</strong></span> <span class='ocrx_word' id='word_1_300' title='bbox 73 3434 124 3500; x_wconf 82' lang='lat' dir='ltr'><strong>ipsa</strong></span> <span class='ocrx_word' id='word_1_301' title='bbox 144 3433 211 3498; x_wconf 76' lang='lat' dir='ltr'><strong>Tyro</strong></span> <span class='ocrx_word' id='word_1_302' title='bbox 227 3432 371 3483; x_wconf 81' lang='lat' dir='ltr'><strong>clamavisset</strong></span> <span class='ocrx_word' id='word_1_303' title='bbox 387 3449 471 3492; x_wconf 87' lang='lat' dir='ltr'><strong>nemo,</strong></span> <span class='ocrx_word' id='word_1_304' title='bbox 488 3433 534 3482; x_wconf 90' lang='lat' dir='ltr'><strong>uisi</strong></span> <span class='ocrx_word' id='word_1_305' title='bbox 550 3433 649 3482; x_wconf 81' lang='lat' dir='ltr'><strong>rusticus</strong></span> <span class='ocrx_word' id='word_1_306' title='bbox 666 3433 757 3482; x_wconf 83' lang='lat' dir='ltr'><strong>inficeto</strong></span> <span class='ocrx_word' id='word_1_307' title='bbox 774 3447 829 3483; x_wconf 89' lang='lat' dir='ltr'><strong>rure</strong></span> <span class='ocrx_word' id='word_1_308' title='bbox 845 3431 969 3484; x_wconf 85' lang='lat' dir='ltr'><strong>inficetior.</strong></span> 
     </span>
     <span class='ocr_line' id='line_1_38' title="bbox 52 3515 1107 3582; baseline 0 -18"><span class='ocrx_word' id='word_1_309' title='bbox 52 3518 90 3568; x_wconf 78' lang='lat'><strong>20.</strong></span> <span class='ocrx_word' id='word_1_310' title='bbox 123 3520 194 3576; x_wconf 75' lang='lat' dir='ltr'><strong>Dux,</strong></span> <span class='ocrx_word' id='word_1_311' title='bbox 211 3517 345 3582; x_wconf 82' lang='lat' dir='ltr'><strong>Augustus,</strong></span> <span class='ocrx_word' id='word_1_312' title='bbox 363 3518 390 3565; x_wconf 81' lang='lat' dir='ltr'><strong>at</strong></span> <span class='ocrx_word' id='word_1_313' title='bbox 402 3516 428 3566; x_wconf 87' lang='lat' dir='ltr'><strong>iu</strong></span> <span class='ocrx_word' id='word_1_314' title='bbox 442 3517 503 3566; x_wconf 88' lang='lat' dir='ltr'><strong>Hor.</strong></span> <span class='ocrx_word' id='word_1_315' title='bbox 519 3517 598 3566; x_wconf 82' lang='lat' dir='ltr'><strong>Germ.</strong></span> <span class='ocrx_word' id='word_1_316' title='bbox 614 3515 698 3574; x_wconf 84' lang='lat' dir='ltr'><strong>1v,5.·</strong></span> <span class='ocrx_word' id='word_1_317' title='bbox 716 3515 1107 3574; x_wconf 76' lang='lat' dir='ltr'><strong>Lucernreddetuae,1}u.ebone,</strong></span> 
     </span>
     <span class='ocr_line' id='line_1_39' title="bbox 24 3601 990 3660; baseline 0.002 -12"><span class='ocrx_word' id='word_1_318' title='bbox 24 3601 116 3660; x_wconf 74' lang='lat' dir='ltr'><strong>patriae.</strong></span> <span class='ocrx_word' id='word_1_319' title='bbox 989 3613 990 3618; x_wconf 75' lang='grc'>’</span> 
     </span>
     <span class='ocr_line' id='line_1_40' title="bbox 54 3683 363 3748; baseline 0.006 -19"><span class='ocrx_word' id='word_1_320' title='bbox 54 3683 90 3731; x_wconf 75' lang='lat'><strong>28.</strong></span> <span class='ocrx_word' id='word_1_321' title='bbox 123 3685 200 3734; x_wconf 80' lang='lat' dir='ltr'><strong>Dolor</strong></span> <span class='ocrx_word' id='word_1_322' title='bbox 216 3698 260 3748; x_wconf 89' lang='lat' dir='ltr'><strong>pro</strong></span> <span class='ocrx_word' id='word_1_323' title='bbox 278 3695 363 3732; x_wconf 88' lang='lat' dir='ltr'><strong>amore.</strong></span> 
     </span>
     <span class='ocr_line' id='line_1_41' title="bbox 55 3764 630 3830; baseline 0.002 -18"><span class='ocrx_word' id='word_1_324' title='bbox 55 3765 91 3813; x_wconf 83' lang='lat'><strong>31.</strong></span> <span class='ocrx_word' id='word_1_325' title='bbox 124 3767 196 3816; x_wconf 79' lang='lat' dir='ltr'><strong>Grau.</strong></span> <span class='ocrx_word' id='word_1_326' title='bbox 214 3765 255 3814; x_wconf 73' lang='lat' dir='ltr'><strong>Ala</strong></span> <span class='ocrx_word' id='word_1_327' title='bbox 266 3766 373 3830; x_wconf 48' lang='lat' dir='ltr'><strong>pudeam</strong></span> <span class='ocrx_word' id='word_1_328' title='bbox 391 3765 465 3830; x_wconf 85' lang='lat' dir='ltr'><strong>Neap.</strong></span> <span class='ocrx_word' id='word_1_329' title='bbox 483 3764 518 3814; x_wconf 70' lang='lat' dir='ltr'><strong>Aa</strong></span> <span class='ocrx_word' id='word_1_330' title='bbox 531 3765 630 3830; x_wconf 76' lang='lat' dir='ltr'><strong>pudeat.</strong></span> 
     </span>
    </p>
   </div>
   <div class='ocr_carea' id='block_1_6' title="bbox 0 0 1324 4398">
    <p class='ocr_par' dir='ltr' id='par_1_6' title="bbox 0 0 1324 4398">
     <span class='ocr_line' id='line_1_42' title="bbox 0 0 1324 4398; baseline 0 0"><span class='ocrx_word' id='word_1_331' title='bbox 0 0 1324 4398; x_wconf 95' lang='lat' dir='ltr'><strong> </strong></span> 
     </span>
    </p>
   </div>
  </div>
 </body>
</html>
