2624 4398
709 334 746 392 76

299 505 359 567 Gur
379 504 453 565 haec
472 505 504 566 in
523 504 611 567 terris
630 504 723 567 lacios
743 506 874 569 humana
893 509 1048 571 moretm?

337 609 489 688 Juppiter,
510 609 631 686 ignosco
649 611 777 688 pristina
795 611 875 673 furta
894 615 965 674 tua!

84 715 91 727 “
196 757 197 761 ,
297 712 394 773 Fulva
413 730 496 774 coma
516 715 562 773 est
581 713 746 791 longaeque
766 733 888 795 manus,
908 720 939 776 et
959 716 1091 780 maxima
1112 723 1179 782 toto

338 813 485 893 Corpore,
505 818 536 875 et
556 815 667 876 incedit
686 816 741 880 vol¹
754 817 829 879 Jove
850 818 942 896 digna
961 835 1055 900 soror3

298 917 360 980 Aut
378 936 445 978 cum
464 918 619 980 Dulichias
639 920 740 982 Pallas
761 922 907 998 spatiatur
927 923 966 982 ad
986 940 1054 986 aras
1064 968 1073 1004 ‚
1240 925 1269 987 15

337 1021 484 1100 Gorgonis
504 1023 658 1100 anguifera
677 1030 781 1102 peetus
801 1031 906 1104 operta
925 1026 1034 1107 comis,

295 1125 440 1187 Mercurio
459 1130 511 1187 aut
530 1127 628 1202 qualis
647 1127 741 1189 fertur
760 1129 925 1190 Boebeidos
945 1129 1033 1192 undis

337 1227 511 1305 Virgineum
530 1228 625 1306 primo
646 1231 845 1307 composuisse
865 1232 960 1312 latus3

296 1330 401 1407 Qualis
422 1333 453 1391 et
473 1330 663 1393 Ischomache
683 1332 832 1411 Lapithae
853 1352 947 1410 genus
968 1335 1110 1399 heminae

336 1431 492 1495 Centauris
511 1433 610 1494 medio
629 1438 715 1510 grata
734 1436 839 1512 rapina
859 1454 949 1501 moro.
1238 1444 1269 1502 20

295 1537 359 1598 Nec
378 1553 426 1596 me
445 1538 508 1595 tam
527 1535 635 1616 facies,
657 1538 794 1614 quamvis
814 1538 854 1598 sit
875 1538 1017 1619 candida,
1039 1541 1119 1619 cepit

235 1691 236 1694 ,
336 1636 430 1719 (Lilia
449 1654 508 1698 uon
528 1637 646 1699 domina
666 1639 726 1700 sint
746 1641 841 1717 magis
863 1641 932 1702 alba
952 1660 1033 1723 mea3
1068 1637 1071 1642 ’

296 1743 338 1804 Ut
357 1742 504 1803 Maeotica
524 1741 576 1802 uix
596 1743 687 1804 minio
708 1743 735 1804 si
756 1748 850 1806 certet
869 1743 998 1824 Hibero,

335 1846 436 1921 thue
456 1862 541 1905 rosae
562 1863 636 1922 puro
656 1847 734 1907 lacte
754 1851 859 1908 natant
878 1847 979 1929 folia):

296 1949 361 2011 Nec
381 1948 419 2009 de
439 1966 519 2009 more
540 1966 640 2010 comae
661 1966 715 2025 per
734 1950 815 2010 levia
835 1951 911 2011 colla
930 1951 1072 2032 fluentes,
1235 1952 1266 2013 25
1299 2027 1300 2040 χ

335 2053 403 2114 Non
422 2049 504 2113 oculi
516 2051 653 2127 geminae
674 2050 773 2112 sidera
792 2057 893 2113 nostra
912 2050 1008 2134 faces;

179 2135 183 2144 ’
294 2157 358 2218 Neo
378 2155 404 2216 si
424 2172 485 2231 qua
504 2153 618 2214 Arabio
641 2155 720 2214 lucet
740 2155 883 2232 bombyce
903 2157 1003 2233 puella

336 2257 417 2340 (Nou
436 2275 501 2318 sum
522 2257 560 2317 de
579 2256 674 2317 nihilo
694 2257 820 2318 blandus
841 2262 954 2320 amator
974 2259 1053 2341 ego),

294 2359 443 2436 Quantum
463 2377 530 2420 oum
550 2359 645 2436 posito
664 2357 789 2420 formose
810 2360 900 2421 saltat
920 2361 1043 2441 Iaccho,

333 2462 405 2539 ugit
424 2465 457 2521 ut
478 2464 600 2523 ovantes
621 2461 682 2522 dux
703 2460 835 2522 Ariadna
855 2462 973 2544 choros3
1230 2467 1264 2526 30
1300 2445 1301 2464 Χ

293 2565 333 2627 Et
353 2569 496 2642 quantum
516 2565 622 2626 Aeolio
642 2584 709 2626 cum
728 2569 824 2626 tentat
844 2567 976 2629 carmina
996 2569 1125 2648 plectro,

332 2671 391 2730 Par
411 2669 605 2747 Aganippeae
626 2670 728 2731 ludere
749 2670 836 2732 docta
855 2672 956 2751 lyrae,

294 2775 334 2836 Et
354 2792 408 2835 sua
429 2792 497 2834 cum
518 2774 659 2850 antiquae
680 2773 834 2835 committit
855 2776 966 2854 scripta
986 2774 1150 2856 Corinnae,

311 2879 313 2882 ’
333 2875 529 2956 carminaque
549 2875 674 2938 Eriunes
694 2896 752 2938 non
772 2881 858 2956 putat
877 2896 973 2956 aequa
993 2879 1063 2940 suis.

295 2981 374 3042 Nam
393 2981 450 3042 tibi
470 2981 603 3043 nascenti
625 2980 795 3060 etpumia,
817 2998 884 3040 mea
903 2981 981 3058 vita,
1003 2981 1107 3042 diebus
1225 2979 1263 3038 35

333 3082 483 3146 Candidus
504 3086 640 3160 argutum
661 3082 787 3144 sternuit
808 3101 893 3143 omen
913 3082 1014 3144 Amor.

292 3187 374 3248 Haec
395 3186 450 3247 tibi
471 3186 655 3248 contulerunt
675 3185 817 3246 caelestia
838 3203 960 3246 munera
980 3185 1060 3264 divi,

331 3291 415 3351 Haec
434 3291 491 3351 tibi
512 3307 550 3350 ne
571 3293 694 3349 matrem
714 3288 789 3350 forte
811 3288 929 3349 dedisse
950 3291 1046 3365 putes.

292 3394 376 3473 Non,
396 3412 455 3455 uon
474 3392 596 3454 humani
616 3397 718 3470 partus
740 3395 808 3454 sunt
829 3393 903 3453 talia
922 3392 1035 3453 donar·

331 3496 395 3557 Ista
414 3497 516 3557 decem
536 3514 652 3558 meuses
672 3515 730 3558 uon
750 3514 894 3574 peperere
915 3495 1000 3557 bona.
1219 3492 1255 3550 lo

292 3597 396 3660 Gloria
416 3599 555 3660 Romanis
575 3616 634 3660 una
655 3617 687 3660 es
708 3604 740 3660 tu
761 3604 832 3660 nata
852 3599 975 3675 puellis:

334 3694 405 3756 Post
425 3695 569 3757 Helenam
589 3695 665 3758 haec
685 3696 772 3758 terris
792 3695 886 3757 forma
906 3694 1035 3757 secunda
1055 3697 1140 3759 redit.
