2642 4396
672 343 731 402 224

224 517 377 583 insequentis,
394 518 456 582 qnod
471 517 531 568 nihil
546 517 574 566 nd
588 533 638 567 rem
651 517 719 576 fecit,
735 519 759 566 et
773 532 819 582 quc
828 515 903 565 altera
911 518 946 564 eat
954 513 1092 564 inchoanda.
1111 514 1224 580 Lipsius,

225 599 304 648 Deuca
321 599 392 648 Filius
409 602 433 648 et
449 599 609 649 Broulrhusius
627 616 763 662 germanum
779 599 883 649 ordinem
900 597 1036 646 decuerunt.

279 779 444 839 Lanuvium
466 781 568 841 annosi
588 784 673 841 vetus
694 785 740 842 est
758 781 853 840 tutela
872 779 1030 859 Draconis,

317 885 374 946 Hic
394 884 446 943 ubi
466 888 526 944 tam
546 901 630 944 rarae
649 902 708 945 nen
727 885 804 960 perit
823 883 896 945 hora
915 901 1023 945 morae.

279 985 345 1060 Qua
365 1004 448 1046 sacer
467 987 612 1063 abripitur
631 1005 718 1047 caeco
739 987 896 1048 descensus
916 987 1015 1065 hiatu,

318 1089 385 1163 Qua
404 1093 539 1165 penetrat
560 1125 597 1132 —
618 1090 717 1167 virgo,
740 1092 798 1149 tele
819 1092 876 1150 iter
895 1109 980 1152 omne
1000 1095 1088 1153 cavel
1111 1127 1153 1138 —

276 1193 376 1270 Jejuni
396 1193 542 1270 serpentis
561 1192 667 1270 honos,
690 1211 755 1254 cum
774 1195 885 1270 pabula
906 1196 1000 1271 poscit
1237 1199 1254 1256 5

316 1295 424 1356 Annua
444 1300 474 1355 et
495 1314 532 1355 cx
553 1295 612 1354 ima
632 1295 720 1355 sibila
740 1300 857 1371 torquet
877 1296 974 1359 humo.

279 1399 367 1458 Talia
387 1399 533 1479 demissae
553 1399 666 1476 pallent
687 1399 726 1458 ad
746 1417 829 1458 saera
849 1402 982 1480 puellae,

317 1501 392 1561 Cum
412 1505 537 1562 tremere
558 1501 686 1577 anguino
707 1503 835 1562 creditur
855 1521 904 1563 ore
924 1522 1044 1565 manus:

278 1605 333 1664 Ille
354 1606 411 1665 sibi
432 1605 564 1665 admotas
585 1623 603 1663 a
623 1605 737 1681 virgine
758 1605 877 1682 corripit
898 1625 995 1684 escas,

319 1709 450 1785 Virginis
470 1709 501 1768 in
521 1707 627 1784 palmis
648 1708 714 1783 ipsa
734 1709 861 1768 canistra
880 1713 1016 1770 tremunt.
1216 1715 1255 1773 10

278 1813 311 1873 si
330 1812 438 1872 fuerint
459 1817 574 1890 castae,
595 1812 719 1871 redeunt
739 1812 770 1870 in
791 1813 866 1872 cella
886 1819 1055 1893 parentum,

317 1915 510 1990 clamantque
531 1915 694 1990 agricolae:
719 1915 867 1988 „Fertilis
888 1933 981 1975 annuas
1004 1916 1093 1975 erit.''

277 2019 344 2078 Huc
363 2037 429 2078 mee
449 2017 579 2077 detonsis
600 2021 704 2075 avecta
725 2021 770 2076 est
792 2015 920 2092 Cynthia
940 2019 1071 2078 mannis:

317 2121 413 2182 Causa
432 2121 488 2180 fuit
507 2121 600 2197 June,
621 2119 675 2182 sed
696 2137 781 2196 mage
802 2140 891 2180 causa
912 2121 1021 2181 Venus.

277 2225 390 2302 Appia,
412 2225 475 2301 dic,
496 2241 622 2301 quaeso,
645 2228 785 2298 quantum
805 2228 835 2283 te
857 2229 931 2284 teste
952 2224 1133 2302 triumphum
1214 2225 1249 2284 15

315 2328 435 2405 Egerit,
457 2327 556 2386 effusis
576 2344 630 2401 per
650 2331 700 2384 tua
721 2343 794 2385 sena
815 2327 902 2404 retis,

277 2431 386 2507 Turpis
407 2431 438 2490 in
458 2447 565 2490 arcana
585 2429 682 2488 sonuit
703 2447 768 2488 cum
788 2430 854 2488 rixa
874 2430 1013 2509 taberna,

318 2533 350 2592 Si
371 2534 434 2600 sine
455 2552 517 2612 me,
539 2532 635 2592 famae
656 2552 713 2592 nen
734 2533 797 2594 sine
819 2534 886 2593 labe
907 2553 999 2594 meae.

278 2635 461 2711 spectaclum
482 2636 548 2712 ipsa
568 2636 674 2696 sedens
694 2637 788 2712 prime
807 2641 923 2698 temone
943 2637 1100 2716 pependit,

264 2728 270 2746 ”
316 2738 398 2800 Ausa
417 2759 471 2818 per
491 2741 619 2815 impuros
641 2739 724 2798 frena
744 2758 861 2799 movere
882 2742 969 2800 loces.
1209 2742 1245 2798 20

278 2841 379 2904 Serica
398 2863 466 2903 nem
487 2849 586 2920 captat
606 2843 681 2904 volsi
702 2849 841 2920 carpenta
861 2845 992 2922 nepotis,

316 2945 415 3020 Atque
436 2947 596 3006 armillatos
618 2947 693 3006 colla
714 2947 841 3006 Molossa
862 2965 965 3025 canes,

278 3048 336 3124 Qui
357 3051 440 3110 dabit
460 3051 627 3110 immundae
648 3052 766 3110 venalia
786 3051 847 3110 fata
868 3050 1004 3128 saginae,

316 3153 422 3215 Vincet
441 3154 492 3214 ubi
514 3171 613 3214 erasas
634 3155 725 3214 barba
744 3155 883 3234 pudenda
904 3173 1005 3230 genas.

207 3421 231 3473 2.
265 3422 422 3488 Interpretor:
438 3423 476 3472 hic
491 3422 531 3472 ubi
544 3426 630 3482 restat,
644 3425 709 3488 viget
724 3424 848 3472 mirificum
856 3424 919 3474 istud
929 3424 1100 3490 spectaculum,
1113 3422 1153 3474 nbi
1161 3420 1236 3474 occasio

157 3506 280 3573 praebetur
296 3510 345 3555 tam
362 3521 442 3556 rarum
456 3505 613 3572 spectaculum
627 3506 723 3556 visendi.
742 3507 826 3564 Mora,
842 3510 934 3572 tempus
948 3507 1058 3556 morando
1073 3508 1164 3556 tritum.
1181 3503 1235 3564 Virg-

158 3592 216 3639 Aen.
238 3588 287 3646 IX,
311 3604 335 3638 v.
358 3589 403 3638 23:
427 3607 476 3639 rem
497 3605 607 3652 mappam
626 3591 774 3653 pretiumque
796 3605 876 3638 morae
891 3594 956 3654 jore.
992 3591 1115 3638 Caeterum
1136 3604 1173 3636 sex
1192 3597 1233 3632 ver·

159 3687 226 3722 suum
249 3687 328 3721 sensus
352 3669 461 3720 obscurus
482 3673 506 3720 et
521 3670 654 3735 implicatus
672 3674 719 3728 est,
738 3675 889 3735 aestuantque
905 3673 1043 3736 interpretes
1060 3671 1084 3720 in
1103 3667 1233 3736 expositione.

160 3753 283 3817 conjecto:
308 3753 438 3818 Antiquam
460 3753 594 3803 Lanuvium
617 3754 719 3819 positum
741 3757 776 3804 cst
798 3755 823 3803 in
843 3754 917 3803 tutela
934 3755 1019 3803 veteris
1037 3753 1158 3820 serpentis,
1173 3744 1232 3799 stit·
