2642 4396
702 374 759 434 186

213 545 254 594 47.
289 547 363 596 Codd.
383 547 593 601 ducentarum.
610 548 745 596 Deforme
762 549 893 614 scripture,
911 550 965 612 quie
980 547 1083 598 tabellae
1099 547 1269 612 conjiciebatur

179 626 204 675 in
227 643 297 676 uuam
317 644 409 678 umam.
443 629 551 679 Eldikius
567 631 669 679 correxit
686 631 784 686 sembi-n
802 631 900 680 Boetius
916 647 972 680 una.
1007 631 1038 680 In
1055 646 1129 694 regno
1143 629 1267 680 umhrurunu

179 708 262 760 umbre
278 709 473 777 subintelligitur,
491 712 582 777 quando
600 729 672 762 uncos
689 711 795 762 dicimus.

210 815 251 866 48.
286 817 359 866 Gron.
380 817 550 876 Mentelianue‚
572 817 758 882 Hamburgenels
780 833 889 867 arcemn.
916 819 1021 881 Geyetns
1044 817 1109 866 dedit
1132 831 1225 864 neema
1239 813 1279 861 uri·

178 899 289 957 mcccc,
311 900 373 964 quod
394 899 553 966 accipiendum
575 902 635 950 esset
656 901 685 949 de
709 915 788 958 more,
808 915 854 964 quo
871 899 896 948 in
913 900 1026 950 Romame
1039 899 1137 963 judiciis
1155 899 1223 948 amici
1237 912 1268 946 reu

177 979 317 1030 adsidebcnt.
334 983 457 1032 Seutcnius
475 986 557 1032 contm
573 981 683 1046 intelligit
699 982 792 1040 sedem,
810 997 868 1056 quoe
888 982 1021 1039 Corneliae,
1036 981 1127 1045 judicio
1147 981 1267 1037 absolutor,

177 1062 239 1128 apud
253 1063 339 1114 inferos
356 1065 524 1130 adsignaretur.
550 1065 606 1113 Meu
622 1063 778 1123 consuetudo,
795 1064 881 1113 vicinia
898 1063 957 1113 nulli
974 1065 1051 1130 prudor
1067 1065 1120 1113 crit

209 1170 250 1220 5⁷.
284 1171 329 1220 dn.
353 1168 556 1220 Dccxxxvlll
579 1185 625 1234 quo
649 1168 757 1218 Cornelia
782 1169 832 1218 vite
857 1169 967 1228 excessit,
994 1168 1073 1218 Juliuc
1098 1171 1163 1218 lame
1190 1168 1267 1234 perdita

176 1253 279 1304 nondum
295 1256 351 1303 crat.

208 1357 249 1408 58.
282 1360 408 1424 Increpat,
431 1359 518 1407 iterum
539 1359 669 1422 iterumque
690 1357 748 1406 dicit
765 1374 817 1406 cum
835 1357 913 1425 aliquo
929 1357 1044 1408 moeroris
1061 1372 1136 1407 sensu.
1176 1356 1222 1404 Sic.
1237 1353 1266 1400 ΕΙ.

175 1440 228 1491 Lib.
245 1441 308 1490 Tert.
325 1443 436 1506 Increpet
451 1441 569 1491 absentem
586 1456 629 1490 nec
645 1455 689 1490 sua
707 1445 783 1489 mater
799 1441 865 1504 Ityn.

208 1545 254 1605 59,
271 1546 311 1596 68.
346 1545 376 1594 lu
395 1546 468 1596 Oodd.
485 1546 525 1595 hic
541 1548 577 1595 est
594 1547 650 1594 ordo
667 1561 788 1595 versuum:

421 1637 454 1686 lit
470 1638 549 1685 tamen
565 1636 651 1685 emerui
668 1651 789 1700 generosos
805 1636 877 1684 vesus
894 1635 1006 1694 honores,

458 1719 508 1766 Nec
524 1733 576 1766 mea
592 1717 620 1766 dc
637 1717 710 1766 sterili
725 1717 788 1766 fecta
803 1717 886 1782 rapine
903 1716 981 1765 domo.

422 1801 468 1860 Tu,
487 1800 587 1866 Lepide,
605 1805 628 1848 et
645 1803 685 1859 tu,
702 1799 796 1858 Paullo,
814 1815 892 1848 meum
909 1801 963 1864 post
979 1799 1028 1847 fate
1044 1798 1166 1858 levamen,

456 1881 556 1932 Condita
571 1885 626 1932 sunt
642 1886 720 1931 vestro
736 1881 826 1930 lumine
842 1884 923 1931 nostre
939 1881 999 1929 sinu.

423 1965 530 2014 Vidimus
547 1966 570 2013 ct
586 1966 683 2014 fratrem
699 1963 779 2014 sellam
795 1964 924 2029 geminasse
940 1962 1058 2021 curulem,

455 2047 554 2096 Consule
571 2063 617 2112 quo
627 2048 702 2113 fecto
719 2051 823 2112 tempore
840 2048 909 2112 rupte
925 2061 1000 2095 soror.

418 2130 491 2189 Filia,
509 2133 537 2180 lu
553 2130 669 2195 specimen
686 2145 796 2182 censurae
812 2133 873 2178 ncta
889 2131 1014 2194 paternae,

452 2214 500 2262 Fac
516 2216 595 2262 teuees
612 2228 687 2261 unum
703 2227 745 2260 nos
761 2211 855 2261 imitetc
871 2211 958 2260 vinum.

418 2297 453 2344 Et
468 2295 529 2346 senc
538 2294 632 2360 fulcite
645 2310 733 2358 gesur:
752 2293 813 2342 milei
829 2293 913 2356 cymba
929 2295 1017 2343 eolesstc¹

451 2377 555 2426 Solvitur
572 2376 679 2426 acueris
695 2379 733 2425 tot
750 2391 801 2425 mea
817 2377 866 2424 fate
882 2375 960 2425 omlis.

418 2460 484 2510 Haec
500 2461 536 2508 cst
552 2457 644 2508 feminei
661 2473 749 2508 merces
767 2463 872 2508 extreme
888 2457 1014 2523 triumphi,

450 2541 540 2591 Laudat
557 2540 596 2589 ubi
613 2541 736 2590 emeritum
752 2540 824 2590 libera
841 2542 904 2590 lema
920 2543 1027 2589 torum.'

168 2636 198 2683 V.
216 2633 249 2684 58
266 2635 385 2698 Augustus
403 2632 534 2682 Corneliam
551 2623 659 2685 defiebut3
678 2630 729 2680 ideo
745 2647 792 2680 uon
806 2630 914 2696 congruit
926 2635 950 2680 et
964 2635 1043 2680 tamen
1055 2630 1146 2680 emerui
1150 2652 1160 2688 ;
1175 2629 1257 2679 nullum

166 2717 227 2766 enim
244 2716 272 2765 de
288 2715 429 2765 fecunditate
447 2714 567 2764 Corneliae
583 2715 725 2764 mentionem
739 2715 801 2764 lecit.
819 2712 907 2763 Deinde
918 2712 979 2762 filios
987 2717 1116 2770 memorat,
1127 2713 1257 2761 adframem

165 2799 262 2856 transit,
278 2797 307 2846 ed
320 2797 393 2847 filium
408 2797 468 2846 redit
473 2818 480 2855 3
494 2797 587 2847 tandem
600 2796 704 2846 declarat
717 2797 847 2846 maximum
862 2797 993 2862 proemium
1005 2797 1104 2845 feminee
1118 2813 1168 2847 esee
1178 2795 1257 2845 liberes

165 2880 244 2930 laudes
260 2883 430 2947 postmortem
446 2880 471 2928 iu
488 2896 539 2929 cem
556 2879 659 2930 collutas.
693 2880 730 2928 Ex
747 2879 863 2928 industrie
879 2893 1015 2944 perversum
1031 2881 1108 2944 putes.
1142 2881 1204 2929 Sunt
1220 2877 1254 2942 qui

164 2965 221 3012 haec
243 2965 352 3029 portenta
372 2979 411 3012 ore
428 2961 551 3012 Pindarico
568 2961 639 3026 digua
656 2961 790 3020 clamitent;
814 2961 936 3011 limatioris
950 2960 1032 3024 judieii
1048 2961 1096 3010 viri
1113 2961 1256 3028 suspicantur

164 3046 272 3104 lacunam
290 3061 332 3095 nos
348 3045 499 3095 librariorum
515 3043 681 3110 negligentium
698 3044 822 3094 menifesto
839 3043 969 3102 cernimus,
987 3047 1011 3092 ct
1026 3043 1127 3093 disticho
1140 3045 1166 3094 iu
1178 3044 1253 3110 pristi-

163 3144 221 3177 num
238 3126 342 3177 ordinem
359 3127 551 3191 redintegramus.

196 3235 236 3284 62.
271 3231 344 3282 Codd.
367 3235 462 3282 concute
483 3247 529 3296 quo
539 3232 613 3297 sacto
631 3236 733 3296 tempore
750 3235 821 3296 rapta
838 3246 914 3281 soror.
932 3233 1010 3296 Atque
1025 3231 1179 3298 interpretes:
1198 3230 1251 3278 Cor·

163 3315 248 3366 uellam
264 3315 401 3380 tempestive
418 3312 502 3363 obiisse
519 3313 583 3363 dicit.
601 3316 635 3364 At
649 3314 743 3377 juvenis
759 3316 849 3372 mater,
865 3313 922 3364 felix
938 3330 999 3364 uror
1015 3313 1169 3364 immaturum
1182 3316 1252 3362 fatum

126 3435 136 3442 -
162 3415 231 3450 suum
247 3397 357 3448 miserata
373 3401 431 3447 erat.
448 3395 560 3446 Jacobins
577 3396 668 3461 egregie
686 3397 829 3446 emendarit:
850 3398 951 3446 Consule
967 3411 1026 3462 quo,
1040 3396 1128 3446 infecto
1143 3401 1250 3460 tenpore,

160 3484 178 3532 i.
195 3499 215 3532 c.
232 3479 336 3530 noudum
352 3481 454 3546 perlecto
471 3483 591 3544 tempore,
608 3478 740 3528 immature.
759 3479 799 3528 Itu
817 3476 870 3528 Lib.
888 3478 951 3528 'l'ert
968 3477 1005 3527 El.
1025 3478 1083 3537 ΙΙΙ,
1100 3494 1125 3527 v.
1142 3479 1186 3527 31:
1208 3478 1250 3525 Aut

159 3563 227 3628 prs'uc
243 3562 329 3611 iniecto
346 3562 449 3626 ᾱφοηαί
459 3561 571 3627 praemia
586 3577 665 3610 curru.

195 3669 236 3718 69.
270 3667 302 3716 In
318 3666 390 3715 Godd.
407 3666 452 3716 hoc
469 3670 493 3715 et
508 3665 639 3732 insequenti
655 3665 756 3716 disticho
773 3665 846 3732 elegio
862 3665 1015 3715 concluditur.

195 3769 235 3818 70.
269 3767 342 3818 Codd.
359 3769 424 3818 Dum
438 3769 555 3834 pretium
579 3769 603 3817 iu
620 3768 774 3818 Borriebicno
789 3772 868 3818 temen
890 3770 960 3828 ibor,
978 3769 1040 3835 quod
1057 3771 1169 3820 sentemm
1185 3769 1244 3818 elde-
