2640 4400
568 355 607 414 13

157 531 222 592 Nec
243 547 290 590 me
311 527 429 590 deficiet
448 530 554 590 nanee
574 526 704 604 rogitare
725 527 846 588 citatos:

200 634 337 713 ,Dicite,
359 651 417 710 quo
438 636 526 710 portu
546 633 647 692 clausa
667 631 768 708 puella
788 648 854 691 mea
875 628 972 692 est?”

156 739 197 800 lit
217 738 328 816 dicem,
350 738 420 798 licet
440 735 574 798 Autariie
594 735 728 797 considat
748 735 779 795 iu
799 735 858 796 orie
1096 731 1135 792 25

196 842 237 902 nt
257 843 328 902 lieet
348 840 457 901 lascis:
480 839 561 913 ,Illa
580 838 679 900 futura
698 855 765 898 mea
785 838 871 900 estt'’

74 967 97 1016 1.
135 968 197 1017 ibae
213 966 289 1032 igitar
305 963 424 1016 demere?
457 963 540 1014 Oratio
563 962 663 1030 abrupta
682 967 706 1013 et
727 963 864 1031 imperfecta
879 962 951 1012 animi
967 961 1095 1012 mmultum
1112 964 1137 1012 et

45 1047 142 1099 dolorem
157 1048 276 1116 exprimit.

72 1139 95 1188 ’1.
129 1139 223 1188 Fulcire
236 1139 321 1188 rainae
339 1136 411 1187 Codd.
429 1151 508 1186 omnes
524 1137 617 1202 praeter
633 1133 800 1198 Harlejanum,
816 1135 841 1184 iu
859 1133 911 1214 {qno
919 1134 1014 1200 fideire
1027 1134 1136 1200 minae.

44 1219 140 1286 Scaliger
160 1221 245 1272 ruinae
268 1220 369 1287 explicat
385 1219 452 1285 quasi
469 1223 573 1268 ruentem
590 1219 656 1266 caelo
673 1233 750 1282 cquae
766 1221 890 1267 concretae
905 1221 931 1266 et
946 1217 1007 1266 nicia
1023 1222 1134 1281 atrapens.

45 1302 84 1351 Sed
105 1303 235 1353 Gronovius
258 1305 282 1352 et
305 1301 467 1352 Broulrhusins
483 1303 569 1365 negant
584 1300 669 1350 ruinae
685 1315 729 1365 pro
746 1300 799 1350 cali
815 1299 907 1358 mina,
929 1315 969 1350 seu
985 1298 1095 1364 grandine
1112 1302 1136 1349 et

46 1382 92 1432 nise
111 1383 139 1434 de
160 1385 222 1435 caelo
246 1383 354 1443 cadente,
376 1387 439 1434 recte
461 1383 514 1432 diei.
549 1383 646 1433 Falcire
660 1382 761 1448 pruinae
778 1386 812 1434 eet
829 1382 854 1432 iu
871 1382 955 1448 pruine
971 1383 1015 1432 uiti
1031 1380 1135 1447 pedibus.

74 1475 113 1523 11.
146 1475 258 1525 &lectur
273 1474 346 1540 fissia
368 1491 443 1524 arena
465 1471 552 1522 habeut
575 1472 647 1522 Codd.
682 1473 765 1522 Arena
787 1471 812 1520 iu
828 1472 890 1520 huuc
906 1487 998 1521 versum
1015 1471 1135 1537 irrepsisse

46 1554 135 1617 ridetur,
141 1556 273 1606 scribarum
280 1555 434 1622 negligentia,
443 1571 470 1604 ex
479 1555 578 1604 disticho
587 1556 697 1620 sequenti,
708 1554 747 1604 ubi
755 1553 842 1619 legitur
850 1570 925 1604 occsa
932 1555 1074 1620 pariatoria
1081 1570 1133 1603 ora.

73 1646 110 1695 14.
143 1647 239 1712 Inserta
253 1663 332 1695 manu.
350 1645 459 1710 Intellige
472 1661 567 1694 manum
584 1643 639 1703 sibi,
653 1661 699 1692 nou
715 1644 843 1710 Cynthiae,
861 1643 977 1696 iniectam.
1011 1646 1062 1694 Nec
1070 1659 1135 1694 mare

46 1728 169 1788 turbatum,
184 1746 227 1778 uec
239 1727 388 1792 naufragium
403 1727 439 1776 vel
452 1727 570 1793 quidpiam
579 1725 706 1775 aliudnrali
723 1727 862 1792 Propertius
870 1726 976 1793 perjuras
983 1727 1133 1792 imprecatur.

74 1817 110 1869 17.
144 1816 216 1867 Codd.
234 1831 281 1866 non
299 1818 398 1866 eidem
425 1815 537 1865 Heinsius
554 1814 695 1883 emendarit,
713 1818 737 1864 et
754 1831 833 1864 sensus
849 1815 948 1880 requirit
964 1819 1013 1865 tum
1025 1832 1068 1882 pro
1077 1832 1133 1867 noa·

47 1896 160 1950 dudodere
180 1899 246 1948 renti
268 1899 391 1957 dicuutur,
414 1915 468 1948 cum
490 1897 608 1964 placidum
628 1898 705 1947 sentis
728 1899 776 1946 stat
795 1912 867 1948 mare.
900 1897 1022 1948 Somniaut
1038 1898 1077 1963 qui
1093 1899 1133 1948 hic

46 1979 155 2030 adridere
170 1996 215 2047 pro
232 1995 281 2030 ecee
296 1981 323 2029 is
339 1981 435 2030 insidiis
452 1984 576 2046 exponunt.

74 2070 111 2119 19.
143 2071 216 2120 Gran.
234 2076 362 2136 praevecta
380 2072 513 2130 Cerconia;
531 2071 606 2136 Neap.
617 2077 739 2136 provecta.
773 2069 846 2120 Hunc
862 2070 994 2120 vocativam
1004 2073 1133 2136 praevecta

48 2151 115 2200 tratur
135 2151 250 2217 Scaliger,
275 2153 313 2202 sed
336 2169 382 2202 nou
405 2153 511 2204 omnibus
534 2153 664 2219 persuadet.
698 2152 781 2202 Obiter
803 2153 872 2202 etiem
894 2155 975 2204 notare
992 2153 1062 2217 juvat
1072 2169 1131 2220 pro-

47 2239 113 2284 vectae
125 2242 190 2287 ratae
204 2237 301 2303 reperiri
315 2237 339 2286 iu
354 2237 472 2301 superiore
485 2251 562 2286 versu.
580 2235 722 2294 Beroaldus,
736 2235 939 2302 utraquedldiua,
948 2235 1060 2296 Iuntina,
1069 2238 1131 2300 Gry-

49 2313 148 2377 pbiauae:
170 2320 204 2369 Ut
219 2326 244 2370 te
259 2319 328 2380 p‘ecs'ei
344 2323 434 2370 vectans
446 2335 492 2383 per
508 2320 607 2368 caerula
622 2332 694 2368 remo.
712 2318 823 2368 Heinsius
840 2318 976 2383 conjiciebat
987 2324 1045 2385 post
1060 2319 1131 2370 aicta.

48 2397 74 2446 at
87 2399 182 2451 Paccius
199 2400 291 2451 exhibet
302 2418 348 2467 per
365 2417 447 2459 cacco,
465 2401 526 2466 quod
542 2400 617 2466 magis
634 2401 813 2467 Propertianum
829 2405 872 2452 eet.

75 2488 110 2538 11.
143 2492 215 2541 Grora
241 2495 265 2541 et
289 2491 366 2558 Neap.
392 2491 463 2542 cerba
485 2508 579 2557 querar.
620 2491 706 2540 Nullus
728 2507 794 2541 amor
816 2491 910 2541 alterius
931 2491 1020 2558 puellae
1041 2495 1131 2542 efficere

49 2571 121 2632 poterit
141 2574 215 2624 utin
237 2573 314 2640 aliquo
336 2591 405 2639 quarn
425 2574 450 2624 in
473 2577 513 2624 tuo
529 2573 610 2624 limine
626 2590 767 2640 conquerar;
791 2575 819 2624 ad
832 2575 928 2639 januam
945 2578 1010 2626 trram
1027 2575 1130 2642 querelas

49 2653 67 2699 at
79 2653 248 2706 lamentationes
264 2657 387 2707 effundam.

76 2742 116 2802 15,
133 2747 174 2796 26.
210 2745 282 2796 Codd.
304 2746 412 2796 Atraciie
433 2749 456 2796 et
476 2747 561 2808 Eleia5
584 2764 637 2797 cum
660 2747 750 2812 Angeia
768 2748 859 2798 Colatio
876 2751 899 2798 et
915 2750 1017 2800 Antonio
1035 2748 1130 2815 Perrejo

51 2819 183 2913 burmannus
197 2827 300 2878 restitnit
312 2827 436 2887 Aurariae,
451 2830 531 2880 Iacer'e.
548 2830 640 2881 Autaaii
654 2835 721 2881 erant
734 2831 814 2897 popuii
830 2831 936 2898 Illyrici;
951 2835 1130 2886 Iseareronota

51 2918 89 2966 aJuu
103 2911 172 2962 maris
187 2910 276 2972 insula,
293 2911 338 2960 heu
355 2927 416 2961 nuuc
433 2912 531 2962 nimium
548 2916 610 2962 nota.

375 3065 649 3134 ELEGIA
694 3067 785 3135 VIII.

383 3191 385 3196 '
456 3208 508 3256 an
529 3208 703 3256 arnonus.

271 3305 354 3370 (Codd.
371 3306 500 3356 Burmann.
517 3309 541 3356 ct
558 3305 702 3358 Lachmann.
719 3306 736 3356 8
753 3306 791 3358 vel
807 3308 837 3367 9,
856 3308 888 3370 Ι.)

77 3408 217 3483 Prseoedeuti
228 3419 290 3468 hauc
303 3419 399 3485 elegiam
415 3420 487 3470 Codd.
501 3423 524 3470 et
538 3421 704 3487 maximapars
717 3421 768 3472 edd.
783 3421 920 3486 adjungunt.
938 3423 1094 3488 Saparaudam

106 3514 150 3550 case
169 3501 247 3551 docuit
260 3501 355 3568 Lipsius
371 3502 442 3565 (Ver.
459 3503 523 3553 dect.
536 3504 577 3562 11,
597 3504 652 3566 18);
671 3504 765 3569 negavit
781 3504 903 3563 Jacobius3
931 3505 1094 3556 Lachmanuue

105 3579 251 3646 disjunxerat.
285 3584 318 3633 nt
337 3585 472 3636 rectissime.
513 3586 622 3636 Diversos
645 3586 707 3635 enim
727 3590 751 3636 et
768 3587 895 3637 contrarios
912 3588 983 3638 animi
1000 3590 1094 3639 affectus

105 3659 249 3724 describunt,
266 3679 344 3715 rerum
360 3667 468 3718 varietati
488 3667 667 3733 respondentes;
685 3667 758 3718 altera
775 3669 901 3734 cynthiam
918 3671 1094 3736 enavigatione

105 3741 127 3792 in
140 3745 261 3812 illyricum
274 3748 502 3814 exprobrationibus,
520 3749 630 3816 querelis,
643 3750 760 3802 blanditiis
773 3751 888 3804 deterrere
900 3755 1010 3812 conatum
1020 3752 1092 3804 altera
