2642 4396
682 325 741 388 168

165 516 236 552 mauu
250 499 318 552 os'aia
344 497 493 559 Dresdousis,
507 498 635 550 Vossianus
648 499 686 549 IV
700 501 725 550 et
738 499 774 550 od.
788 499 864 564 anag.
876 497 961 550 sarab.
986 500 1097 566 Reponos
1114 499 1251 550 Arboreosre

165 597 246 644 orares
267 583 335 632 sinit
368 584 472 633 luxum
492 599 519 632 oe
536 598 607 648 aeque
622 581 750 648 disjungit,
773 585 801 632 ut
818 581 1047 645 monantulam,
1070 585 1096 632 et
1112 581 1206 648 perinde
1219 582 1251 630 lio

164 665 238 724 ualet,
264 681 290 715 uo
313 681 395 732 neque.
430 665 546 714 Horatius
569 665 648 714 Caum.
671 664 730 724 111,
751 665 796 714 23:
816 666 868 714 Neo
879 663 1029 730 pestilentes
1045 665 1133 715 radiet
1148 666 1250 732 African

166 747 279 796 Fecunda
295 746 364 806 uitia,
382 763 424 796 neo
439 746 544 796 sterilem
557 762 622 814 sepes
636 746 778 812 Robiqr'nem
793 749 834 796 aut
848 747 929 797 dulces
942 747 1035 796 alumni
1049 747 1175 814 Pomisero
1186 763 1251 812 qroos

165 831 255 892 tempas
269 843 340 877 anno.
358 827 472 893 Virgilius
486 829 546 880 Aea.
561 829 612 889 IV,
631 829 691 879 140:
708 845 750 879 noo
765 828 874 895 oonjupir
888 845 997 896 umquam
1013 828 1151 882 Proeteudi
1163 829 1251 886 laedas,

166 914 209 960 aut
226 910 327 961 haeris
337 909 522 978 foederaverat.

508 1117 782 1186 ELEGIA
827 1117 919 1185 XXI.

436 1274 490 1322 on
510 1273 705 1323 ronanus
726 1273 1002 1348 oursaornrs„

367 1395 451 1460 (oona
475 1395 519 1456 23,
545 1396 629 1446 amn.
654 1395 700 1456 22,
726 1395 785 1456 111;
812 1395 909 1446 naum.
936 1395 980 1455 23,
1007 1395 1064 1458 ιν.)

288 1527 368 1606 Ergo
387 1531 448 1589 tam
469 1528 572 1591 doctae
593 1530 677 1591 nobis
697 1529 813 1608 periere
831 1529 979 1607 tabellae,

280 1645 286 1654 ·
328 1631 446 1710 Scripta
465 1633 572 1710 quibus
592 1635 703 1711 pariter
722 1637 766 1694 tot
785 1633 899 1710 periere
919 1633 1012 1694 bona!

289 1735 353 1796 Has
373 1737 521 1813 quondam
540 1738 647 1799 nostris
667 1739 803 1800 manibus
823 1736 984 1798 detriverat
1003 1753 1091 1816 usus,

329 1838 389 1913 Qui
408 1858 466 1900 non
486 1840 619 1917 signatas
634 1840 726 1918 jussit
745 1839 855 1900 habero
875 1836 972 1898 fidem.

290 1941 364 2005 Illae
380 1942 444 2021 jam
464 1943 529 2003 sine
549 1961 596 2004 me
616 1947 721 2004 norant
739 1944 858 2021 plaoare
877 1942 1023 2021 puellam,
1234 1941 1249 2001 5

329 2047 370 2107 Et
390 2046 536 2124 quaedam
556 2047 621 2107 sine
641 2065 688 2107 me
708 2047 800 2107 verba
820 2045 931 2106 diserta
951 2045 1041 2122 loqui.

289 2151 357 2212 Non
378 2150 446 2210 illas
466 2140 557 2210 fixum
578 2168 662 2210 caras
682 2149 820 2210 effecerat
839 2166 959 2228 aurum3

330 2250 455 2328 Vulgari
475 2250 553 2311 buxo
574 2249 694 2311 sordido
714 2267 782 2312 oera
801 2249 866 2310 fuit.

291 2353 527 2432 Qualesoumqoe
546 2352 620 2413 mihi
632 2349 756 2431 bemper
775 2371 909 2415 mansere
929 2353 1048 2435 fidelos,

331 2457 453 2536 Semper
472 2463 502 2518 et
523 2457 643 2518 effeetus
663 2475 848 2534 promeruere
867 2458 969 2519 bonos.
1219 2458 1251 2518 10

291 2560 428 2624 Forsitan
446 2559 521 2622 haee
541 2561 601 2621 illis
621 2559 737 2621 fuerant
757 2559 898 2620 mandata
918 2561 1053 2622 tabellis:

334 2664 489 2744 „Irasoor,
510 2664 647 2741 qnoniam
669 2681 717 2742 es,
738 2664 833 2743 lente,
854 2668 984 2725 moratus
1004 2665 1079 2727 heri.

295 2765 370 2841 „An
390 2767 445 2828 tibi
465 2767 564 2828 neseio
584 2784 661 2844 quae
682 2766 748 2827 visa
769 2770 814 2826 est
834 2766 1008 2828 formosior?
1031 2787 1069 2828 an
1090 2773 1122 2831 tu

334 2870 429 2944 „Non
448 2869 524 2930 bene
544 2868 581 2928 de
602 2868 687 2929 nobis
708 2869 830 2929 erimina
849 2867 918 2929 fieta
934 2870 1064 2946 jacis?''

292 2970 354 3032 Aut
374 2970 465 3031 dixit:
490 2971 627 3044 „Venias
647 2969 751 3050 hodie,
772 2971 953 3032 cessabimus
973 2990 1049 3046 una3
1219 2968 1250 3032 15

331 3074 499 3152 Hospitium
520 3078 582 3136 tota
601 3079 686 3136 noete
708 3075 826 3152 paravit
845 3073 944 3136 Amor.
958 3077 975 3104 '²

292 3179 333 3241 Et
347 3162 544 3257 ¹quaeeunque
566 3179 666 3240 voleus
686 3179 796 3257 reperit
815 3196 874 3240 non
894 3180 986 3240 storlta
1005 3181 1121 3258 puella,

332 3281 459 3344 Garrulus
478 3301 544 3344 oum
564 3283 682 3344 blandis
703 3283 809 3344 dieitur
829 3282 902 3343 hora
921 3283 1006 3344 dolis.

291 3385 341 3447 lle
361 3387 515 3446 miserum!
536 3384 584 3446 his
606 3385 714 3462 aliquis
734 3387 879 3448 rationem
900 3388 1002 3449 soribit
1023 3407 1144 3470 avarus,

333 3489 373 3550 m
392 3491 476 3569 ponit
496 3490 584 3552 duras
605 3491 683 3553 inter
703 3491 917 3571 ephemeridas.
1216 3488 1248 3549 20

293 3590 375 3668 Quas
395 3594 422 3654 si
442 3598 509 3671 quis
529 3593 603 3654 mihi
622 3596 772 3674 retulerit,
794 3596 950 3659 donabitur
969 3615 1051 3659 auro.

334 3693 408 3774 Quis
427 3714 480 3778 pro
501 3696 614 3758 divitiis
634 3698 716 3779 ligna
736 3702 852 3765 retenta
871 3700 968 3762 velit?
