2642 4396
706 357 765 423 174

510 591 785 672 enneli
830 605 952 674 XXIV.

608 783 661 832 sn
681 783 856 833 munusue.

420 927 506 993 (eone
521 929 566 988 32,
584 929 667 980 serm.
685 929 731 989 ns,
750 929 779 980 11
785 950 792 988 ς
811 928 909 980 usum.
926 927 973 988 aa,
990 927 1054 990 111.)

221 1086 310 1138 Pendet
331 1087 361 1138 uls
382 1087 537 1138 antecedente.
573 1085 676 1154 Cynthia
696 1087 807 1136 amatoris
829 1083 1029 1136 criminationibus
1050 1083 1145 1151 objicit=
1163 1085 1237 1136 Sedtn

254 1169 345 1220 credere
361 1186 407 1221 nou
424 1167 491 1220 debes
507 1168 594 1234 linguis
609 1169 744 1226 hominum
767 1168 855 1218 invidie
871 1183 962 1234 semper
979 1169 1094 1219 formosas
1111 1167 1238 1226 momordit,

253 1250 421 1318 lacessivitque.
455 1252 500 1301 eui
531 1251 678 1319 Propertius:
710 1254 770 1302 Sene
799 1267 841 1301 nee
869 1253 971 1302 venetica
993 1268 1031 1312 es,
1054 1269 1099 1302 uec
1121 1251 1239 1308 homicidn3

254 1349 309 1384 saue
324 1349 397 1400 perse
413 1333 512 1384 cuimine
525 1333 592 1397 jecur
608 1351 686 1384 meum
702 1350 769 1384 urere
785 1351 832 1383 nou
849 1333 940 1384 debent.
965 1333 1058 1384 Helena
1074 1334 1157 1385 Purim
1172 1337 1240 1384 secuta

254 1420 305 1476 est;
330 1433 360 1466 an
385 1416 462 1467 minus
485 1415 579 1466 lundata
604 1417 700 1466 domum
724 1415 820 1466 redacte
844 1417 911 1466 suit?
946 1417 1031 1466 Fertur
1058 1419 1139 1466 Venus
1164 1416 1240 1467 Mann's

254 1501 363 1564 stuprum
383 1514 452 1564 passa
471 1497 554 1558 fuisse;
571 1513 618 1547 non
635 1498 711 1548 miuus
727 1497 752 1547 in
770 1497 833 1548 caelo
849 1499 965 1548 honorata
981 1499 1033 1549 fuit.
1069 1499 1132 1549 (tum
1149 1498 1240 1550 Anchise

253 1579 354 1630 bubeico
370 1595 417 1630 non
433 1579 559 1630 accubuit?
575 1583 737 1646 spectaverunt
753 1581 798 1630 hoc
816 1581 991 1646 Hamadryades
1008 1584 1034 1630 et
1048 1580 1134 1632 Sileni:
1145 1580 1240 1630 &culn

254 1662 305 1728 ipse
321 1661 452 1729 plaudebat.
486 1661 584 1722 Deinde,
606 1662 702 1729 perditis
718 1662 804 1712 saeculi
819 1661 923 1712 moribus
940 1663 1090 1713 vehementer
1107 1662 1239 1730 perstrictis,

194 1745 196 1751 ’
254 1743 382 1796 concludit:
399 1744 496 1806 Latinas
512 1760 566 1793 cum
582 1747 609 1794 tu
626 1745 770 1809 Graccusque
784 1745 1185 1810 heroidasmatrouasqneimitsris,
1198 1744 1241 1810 jau

255 1842 324 1876 ceusu
339 1830 447 1894 perorata
464 1828 510 1878 est:
528 1825 681 1890 meoiudicio
697 1826 833 1877 ibis-libera
849 1831 874 1877 et
890 1826 1003 1878 absolute.

312 2017 376 2060 „-
396 1981 455 2044 Sed
475 1987 508 2044 tu
528 2000 587 2044 non
607 1981 697 2043 debes
718 1981 855 2044 inimicae
876 1979 996 2042 credere
1016 1981 1155 2058 linguae:

351 2087 497 2167 „Semper
516 2087 649 2148 formosis
669 2087 770 2149 fabula
790 2095 885 2166 poena
904 2087 969 2148 fuit.
980 2087 997 2116 ''
1018 2120 1059 2132 —

307 2189 375 2253 Non
397 2196 447 2252 tua
467 2191 610 2268 deprenso
623 2190 769 2252 ‘damnata
789 2195 835 2252 est
854 2190 933 2250 fama
952 2207 1083 2250 veneno:

243 2319 245 2324 ·
348 2294 450 2356 Testis
473 2293 532 2354 eris
552 2310 658 2372 puras,
679 2291 814 2374 Phoebe,
835 2293 937 2354 videre
958 2310 1072 2354 manus.

309 2397 363 2460 Sin
382 2402 481 2459 autem
500 2398 587 2474 longo
606 2415 666 2458 nox
684 2415 744 2458 uua
764 2401 815 2458 aut
835 2397 930 2458 altera
951 2397 1018 2457 lusu
1065 2447 1067 2450 .
1253 2387 1267 2447 l

348 2499 527 2578 consumpta
547 2504 611 2582 cst,
632 2519 691 2561 non
710 2518 758 2561 me
778 2501 902 2563 crimina
921 2519 1014 2579 parve
1035 2502 1164 2561 movent

308 2601 458 2682 Tyndaris
478 2609 600 2666 externo
620 2605 746 2682 patriam
766 2606 893 2666 mutavit
913 2621 1028 2684 amore,

348 2705 389 2768 Et
409 2707 472 2767 sino
493 2707 635 2768 dedecore
656 2711 701 2768 est
721 2708 790 2770 viva
809 2709 932 2770 reducta
952 2708 1078 2770 domum.

308 2807 378 2889 Ipsa
397 2807 497 2870 Venus
518 2809 610 2870 fertur
629 2814 765 2889 corrupta
785 2810 909 2872 libidine
929 2810 1049 2872 Martis:
1105 2820 1107 2824 ·

347 2911 416 2972 Nou
435 2911 531 2972 minus
552 2911 583 2972 in
603 2913 685 2972 oeelo
706 2929 822 2990 semper
841 2911 966 2973 honeste
985 2911 1055 2993 fnit3
1238 2908 1267 2968 10

308 3011 450 3090 Quamvis
470 3013 524 3076 Ida
544 3014 684 3093 Prhygeu
704 3020 850 3092 pastorem
871 3016 951 3076 dicat
971 3033 1086 3077 amasse

347 3117 447 3194 Atque
467 3119 544 3179 inter
563 3118 691 3194 pecudes
712 3119 885 3180 accubuisse
906 3119 1010 3199 deam,

308 3217 372 3282 Hoc
392 3223 422 3281 et
441 3219 682 3296 Hamadryadum
703 3223 849 3300 spectavit
867 3223 956 3282 turba
976 3239 1125 3304 sororum,

224 3319 227 3326 ⁴
349 3321 499 3399 Silenique
519 3331 605 3384 senes
625 3329 656 3385 ot
675 3329 761 3402 pater
782 3325 846 3403 ipse
867 3324 965 3407 ohori3

196 3421 199 3426 '
310 3419 383 3484 Cum
403 3425 510 3501 quibus
530 3423 620 3486 Idaeo
640 3427 741 3504 legisti
762 3445 849 3504 poma
868 3429 925 3488 sub
945 3433 1046 3509 antro,
1186 3493 1189 3500 Δ
1233 3419 1263 3482 15
1296 3453 1297 3456 ¹

350 3525 507 3603 Supposita
528 3528 678 3604 excipiens
698 3528 844 3591 Bacchica
864 3530 941 3591 dona
961 3548 1059 3592 manu.

194 3603 201 3701 ζ
245 3646 249 3656 ’
310 3625 358 3690 An
378 3630 532 3708 quisquam
553 3631 583 3692 in
602 3635 684 3694 tauto
704 3638 873 3711 stuprorum
891 3635 1027 3696 examine
1048 3635 1177 3712 quaerit:

357 3731 439 3807 „Gur
459 3735 533 3796 haec
553 3740 613 3797 tam
634 3737 742 3800 dives?
764 3740 832 3816 quis
852 3738 959 3801 dedit?
982 3738 1061 3800 unde
1080 3733 1205 3800 dedit?”
