2640 4400
1103 385 1141 430 11

50 544 156 620 jactet,
183 543 233 602 vel
260 542 325 619 ejus
348 541 478 602 carmine
498 558 602 601 novem
622 541 714 602 Musis
734 542 849 604 dictitet
867 547 992 604 secrete
1032 545 1142 604 Doctus

53 647 143 708 ltelns
169 647 201 705 in
228 645 369 705 caducum
389 644 533 720 parietem
553 643 715 704 inclinavit.
745 644 889 706 Jovencm
909 646 1060 723 paululum
1080 647 1141 722 glo·

51 748 190 827 rientem,
216 751 248 807 st
273 763 368 823 neque
388 745 514 806 bendum
533 762 629 822 neque
649 747 756 808 obesse
775 747 871 827 neris,
892 748 923 808 in
944 749 1061 827 scriptis
1081 749 1142 810 suis

50 851 225 928 praeterire,
242 868 301 910 non
316 849 403 910 tectis
420 848 519 909 verbis
537 848 675 928 irridere,
693 849 866 926 Lyricorum
876 850 1001 928 principi
1012 850 1058 912 les
1068 853 1141 911 erut.

1 989 5 999 ·
88 955 135 1014 De
161 955 225 1014 loco
252 953 346 1014 ncmli
374 970 469 1028 ecque
496 951 665 1028 discrepent
691 953 768 1014 docti
795 953 862 1013 viri.
903 954 939 1014 In
966 953 1089 1014 Umbris
1109 971 1143 1014 se

51 1062 152 1118 notum
178 1056 348 1133 Propertius
375 1055 466 1134 dixit,
495 1073 622 1131 quonam
647 1057 719 1116 urbe
744 1057 793 1116 vel
813 1075 906 1136 pago,
927 1057 1004 1117 silet
1044 1055 1143 1130 Quare

52 1161 235 1239 conjecturae
252 1176 372 1220 numero
389 1175 485 1235 poene
502 1156 647 1234 infinitae,
669 1161 840 1236 septemque
857 1159 992 1220 civitates
1009 1159 1046 1220 de
1064 1159 1143 1219 incu-

1 1315 2 1320 ,
52 1263 168 1323 nebulis
195 1262 272 1322 inter
299 1279 331 1322 se
357 1260 582 1320 contendentes:
607 1261 759 1337 Menenia,
780 1261 961 1340 Hispellum,
981 1261 1143 1339 Assisinm,

51 1363 187 1442 Ameria,
203 1363 389 1440 Fulginium,
406 1361 583 1439 Spoletium,
604 1361 735 1422 Perusia.
757 1360 905 1440 Ambigua
914 1363 952 1423 lis
964 1363 1067 1424 sedete
1081 1381 1142 1424 crc-

51 1466 192 1541 debutnr,
209 1481 298 1539 quum
316 1481 393 1524 enno
410 1463 463 1524 Oh.
479 1462 676 1524 MDOOXXII
691 1465 831 1526 Tsddeus
846 1467 981 1528 Dennnle
997 1471 1142 1528 vetustam

50 1569 183 1628 tabulam
199 1567 326 1642 Hispelli
343 1571 457 1628 erulam
473 1567 503 1627 in
519 1567 647 1628 medium
662 1569 848 1649 protulisset,
859 1589 964 1631 nomen
978 1571 1142 1648 etpotriam

49 1675 155 1748 poetae
182 1670 329 1747 insculpta
354 1669 555 1749 exhibentem3
587 1688 634 1730 res
661 1675 760 1731 temen
791 1673 902 1734 incerte
928 1674 1022 1734 denuo
1049 1672 1142 1752 fecto,

48 1792 139 1849 quum
160 1773 288 1851 Hispelli
309 1791 407 1832 osores
428 1773 641 1850 adulterinum,
662 1773 700 1832 ed
721 1773 904 1852 Propertium
924 1773 1002 1850 quod
1020 1774 1141 1850 attinet,

1 1871 2 1888 ¹
48 1878 167 1936 titulum
195 1894 327 1952 arguere.
355 1875 479 1951 Insuper
506 1875 635 1951 Hispelli
661 1875 801 1952 oppidum
827 1875 858 1935 in
877 1876 952 1936 colle
972 1875 1060 1936 situm
1081 1879 1142 1936 est:

49 1979 220 2055 Propertius
248 1996 265 2036 e
292 1979 434 2038 contrario
455 1995 487 2038 se
508 1983 608 2038 natum
629 1978 659 2037 in
680 1979 803 2056 planitie
824 1979 970 2059 declaret,
999 1980 1142 2057 supposito

53 2213 293 2222 ’.η-ου...-

85 2285 94 2311 ¹
134 2276 207 2343 Lupis
229 2277 384 2345 Hispellensis
400 2277 543 2344 insculptum
560 2281 716 2346 repraesentet
733 2282 803 2346 ceput
819 2279 855 2328 dei
880 2278 1010 2343 cujusdem,
1030 2277 1144 2344 Apollinis

50 2363 114 2424 poto.
133 2359 164 2408 In
176 2361 244 2425 purte
257 2359 369 2426 superiori
382 2359 480 2424 legitur:
497 2361 525 2410 L.
542 2361 674 2410 Coruinus
684 2361 712 2410 L.
722 2361 749 2412 li.
759 2361 829 2410 LEM
836 2381 843 2418 3
857 2361 882 2409 in
889 2361 1008 2410 inferiore:

514 2443 567 2493 Sex
584 2444 686 2493 Annnn.

529 2526 664 2576 Pnonrur.

502 2609 562 2658 Sex.
581 2607 609 2660 ll.
627 2607 694 2657 Lern.

81 2690 145 2738 Loco
167 2689 195 2738 in
218 2703 265 2754 qno
286 2691 392 2758 repertus
415 2689 472 2748 init,
495 2689 613 2756 Propertii
635 2705 675 2740 rus
697 2690 800 2740 extitisse
821 2691 908 2750 fertur,
926 2705 983 2757 quoe
999 2690 1069 2756 vidgo
1085 2689 1145 2738 cille

46 2777 129 2833 poetae
142 2770 280 2822 nocebatur.
298 2771 378 2836 Quum
392 2772 477 2821 fundus
490 2787 616 2838 progressu
630 2772 742 2838 temporis
755 2773 784 2822 ud
798 2773 827 2824 L.
843 2773 974 2822 Cominium
989 2772 1143 2839 pervenisset,

47 2853 99 2913 hic,
117 2854 199 2918 ajunt,
216 2869 301 2903 nomen
317 2869 385 2903 snum
401 2852 493 2903 tubulas
509 2854 612 2903 additum
629 2854 709 2904 voluit.
735 2855 780 2904 Sed
789 2852 874 2904 l'ebins
883 2854 1005 2914 Albense,
1018 2855 1144 2912 Meuanas,

48 2936 132 3003 aliique
153 2951 198 2986 nos
222 2937 331 2986 certiores
352 2936 440 2986 iscinnt
457 2939 510 2985 ente
526 2951 612 2986 annum
629 2937 686 2986 Chr.
705 2937 875 2986 Moccxxll
896 2937 996 3002 lapidem
1017 2939 1099 2985 notum
1121 2938 1145 2984 et

48 3018 125 3067 risum
152 3019 237 3077 fnisse,
260 3018 333 3068 immo
356 3033 369 3067 s
399 3019 516 3068 Ludovico
541 3019 657 3069 Jecobilio
680 3019 836 3085 descriptum,
860 3019 924 3068 nullu
945 3021 1007 3068 fecte
1029 3018 1146 3068 mentione

48 3100 212 3166 inscriptionis
234 3100 411 3166 Propertisnec,
437 3103 564 3149 memoratu
586 3103 679 3150 tentum
702 3099 850 3160 Cominiume,
875 3116 933 3164 quoe
953 3099 1027 3149 multo
1048 3099 1145 3148 minoris

49 3181 164 3232 momenti
179 3184 242 3240 eret;
260 3197 311 3230 eem
324 3181 399 3246 igitur
413 3197 426 3230 e
440 3181 648 3231 fulserio'edditem
658 3184 763 3233 consent.
781 3181 939 3231 Nihilominus
952 3182 1042 3231 iconem
1055 3179 1146 3230 tubulas

50 3263 260 3330 conspicientibus,
278 3279 349 3330 quem
366 3266 515 3314 Burmannus
533 3264 627 3313 editioni
640 3263 756 3329 Propertii
769 3265 888 3330 praefixit,
906 3262 1002 3312 dubium
1016 3266 1051 3312 est
1065 3265 1144 3311 utrum

48 3345 132 3396 titulus
146 3346 315 3412 Propertisnus
330 3361 360 3395 un
369 3346 604 3413 Cominiennsprimo
613 3347 796 3404 edditnsiusrit5
812 3345 926 3405 nomille,
940 3345 1145 3396 tribusversiculis

49 3427 176 3486 conflatus,
194 3429 321 3478 maximam
336 3430 461 3478 murmuris
474 3432 564 3494 purtem
581 3432 691 3495 occupet,
708 3445 777 3506 quem
791 3445 888 3480 vacuum
902 3429 1002 3480 caelator
1016 3429 1146 3494 relinquere

49 3523 95 3557 non
111 3509 206 3576 potuit3
225 3509 325 3560 Cominii
341 3526 396 3561 vero
412 3511 534 3577 inscriptio
552 3512 663 3576 exiguum
680 3511 758 3561 locum
770 3515 835 3561 tenet
848 3527 919 3577 supro
932 3511 1047 3578 Apollinis
1062 3513 1145 3576 ceput,

50 3607 141 3657 unaque
157 3591 220 3641 lines
236 3593 375 3642 continetur.
395 3592 552 3659 Quamobrem
569 3594 707 3644 credendum
724 3594 781 3653 crit,
799 3594 843 3644 snb
860 3595 903 3644 Dei
919 3595 1020 3659 imagine
1034 3593 1145 3642 ertiiiccm

50 3679 147 3726 omens
171 3679 195 3725 et
219 3673 356 3726 emblmnets
378 3678 502 3727 osclsvisse
527 3678 555 3727 ed
573 3677 704 3744 Apollinem
722 3678 850 3742 spectantis
857 3698 863 3735 3
880 3677 917 3726 his
934 3676 1018 3735 cresis,
1039 3674 1145 3724 ielssrins

50 3755 230 3824 inscriptionem
248 3759 424 3824 Propertienem
442 3775 522 3810 eornm
539 3759 589 3808 loeo
605 3757 735 3823 insculpsit.
