2624 4398
685 333 725 393 42

159 506 265 560 nonnulli
286 509 419 574 negantum
440 511 600 560 verumtamen
621 508 733 576 impedire
754 523 801 558 uon
823 510 932 574 poterant
948 506 1073 573 quominus
1090 509 1179 567 acam,
1196 507 1258 558 sicca

159 593 231 652 lesa,
254 591 408 656 requiesceret
429 591 453 640 in
476 591 560 644 triviis.
592 591 652 642 Oruu
675 591 831 658 Hertzbergio
853 605 941 657 repono
954 591 1042 656 javat,
1059 592 1257 658 depromptume

157 673 263 740 sequenti
279 673 386 722 disticho.

208 764 233 815 a.
267 762 340 814 coos
348 763 423 828 juvat
436 762 516 829 impia.
533 763 612 813 sesua
625 733 694 823 zea,
708 763 769 829 quoa
783 761 900 814 ancien
914 762 1014 813 nemim
1022 761 1258 813 assemsum.
1304 781 1305 804 2

193 852 233 903 10.
268 852 340 901 Codd.
358 851 419 902 trite
434 866 536 909 ameum
553 851 652 901 Puccius
669 858 740 902 tetra.

193 943 233 992 11.
266 943 341 993 Gran.
358 941 475 1001 amdam
493 939 568 1008 Neap.
585 948 719 992 canesceret
723 963 733 999 ;
750 941 854 1006 Scaliger
870 941 966 1008 scripsit
982 921 1087 994 camd.

194 1032 234 1082 1⁵1.
269 1032 343 1082 Codd.
359 1032 386 1082 δη
402 1030 490 1090 andiu
506 1032 610 1098 Scaliger
625 1031 732 1082 restituit
747 1031 774 1082 isa
789 1032 863 1082 clete

193 1121 233 1170 18.
266 1121 339 1171 Lavit
360 1123 488 1187 adjunctae
508 1138 580 1188 equos
601 1121 664 1172 idem
685 1125 722 1172 est
745 1137 772 1172 ac
794 1121 855 1174 ucis
877 1127 901 1174 et
921 1121 1035 1187 adjacuit
1051 1135 1135 1188 equos.
1171 1123 1260 1173 Aurora

159 1204 254 1253 domum
270 1219 317 1253 non
333 1204 406 1263 redit,
425 1205 465 1254 sed
481 1203 590 1264 discedit,
607 1203 707 1254 decedit.

191 1293 232 1342 26.
267 1292 315 1342 Hic
331 1293 433 1344 codices:

375 1373 437 1424 Cum
453 1389 507 1424 sene
523 1389 570 1425 non
586 1375 670 1442 puduit
686 1375 758 1425 talem
774 1373 876 1424 dormire
893 1373 995 1442 puellam

406 1457 439 1508 nt
454 1471 525 1508 mnae
541 1459 610 1508 toties
627 1457 706 1508 osenia
721 1459 782 1510 ferre
798 1473 885 1508 comae.

372 1541 406 1590 At
422 1543 450 1590 tu
466 1540 537 1590 etiam
550 1540 662 1604 juvenem
678 1541 748 1600 odisti
764 1555 814 1599 me,
831 1539 934 1606 perlida,
952 1555 1007 1590 cum
1024 1540 1057 1589 sis

407 1620 463 1688 Ipse
480 1637 538 1670 anus
554 1622 617 1672 houd
634 1622 704 1686 longa
720 1637 792 1672 curva
807 1623 888 1672 futura
904 1622 948 1670 die.

191 1701 288 1750 Mecum
302 1701 417 1766 perpende
431 1707 455 1752 et
468 1703 554 1752 mirare
567 1709 713 1754 venustatem
728 1709 751 1754 et
767 1704 859 1770 copiam
871 1703 1030 1753 locutionum:
1050 1703 1124 1754 talem
1140 1703 1260 1767 puellam:

160 1798 236 1833 canae
249 1798 328 1832 comae
341 1787 395 1849 post
409 1799 484 1834 cessas
498 1799 590 1842 comes;
609 1801 661 1835 cam
674 1801 729 1836 cesse
743 1790 796 1852 post
810 1791 928 1835 senectam
943 1788 966 1834 et
980 1800 1064 1833 seam.
1091 1785 1128 1832 De
1142 1787 1262 1848 postremo

160 1880 231 1915 uersu
247 1864 281 1914 nil
297 1881 394 1931 prorsus
406 1866 489 1916 dicem.
508 1867 624 1916 Versiculi
638 1868 792 1917 Massimiano
806 1868 882 1932 digni,
893 1864 1223 1933 ePropertiauisejiciuntor.
1232 1895 1263 1902 —

161 1945 193 1994 In
214 1946 309 2012 scriptis
332 1950 401 2011 atque
423 1947 490 1996 editis
512 1947 578 1998 libris
601 1952 657 2015 post
678 1931 720 1998 lios
742 1948 854 2014 leguntur
874 1963 954 1998 versus
977 1949 1009 1996 31
1034 1951 1058 1997 et
1077 1947 1119 1998 32.
1144 1975 1180 1983 -
1206 1947 1264 1995 Vide

160 2027 341 2079 adnotationem.
807 2049 809 2052 ·

195 2119 241 2176 30,
259 2118 299 2168 31.
333 2119 439 2167 Duorum
455 2134 564 2170 versuum
582 2119 638 2170 fides
654 2119 713 2170 mihi
727 2123 834 2185 suspecte
849 2123 892 2168 est.
911 2119 940 2168 In
954 2117 1070 2168 codicibus
1085 2116 1152 2166 nullo
1168 2121 1265 2166 senten

161 2200 248 2250 tiorum
271 2215 332 2250 nexu
354 2199 392 2250 vel
413 2201 547 2250 tenuissimo
571 2217 624 2250 cum
641 2201 826 2250 antecedentibus
843 2202 979 2259 cohaerent,
997 2203 1021 2249 et
1036 2201 1062 2248 iu
1079 2202 1194 2249 contextu
1212 2215 1267 2248 mee

162 2298 298 2334 amoenore
314 2283 388 2333 totius
405 2284 514 2334 ommissis
530 2283 650 2352 dissident.
673 2285 718 2333 Sed
735 2299 788 2332 cam
805 2299 851 2333 non
868 2297 922 2332 raro
939 2281 1016 2332 subita
1030 2283 1087 2331 haec
1102 2284 1126 2331 et
1139 2281 1268 2348 inopinate

162 2365 288 2418 hilaritatis
304 2365 393 2416 lumine
408 2365 433 2416 iu
448 2367 494 2416 hoc
510 2369 580 2432 poeta
595 2366 756 2426 iuvenentur,
774 2381 813 2416 eos
830 2379 962 2431 expungere
978 2364 1053 2416 uolui.

476 2533 768 2618 'annom
813 2499 917 2618 xilv.

457 2774 459 2780 ¹
573 2705 624 2753 ΑΙ)
639 2705 850 2755 arnimari.

434 2829 516 2896 (codd.
542 2829 571 2892 Γ),
598 2831 680 2882 Burm.
704 2831 734 2892 4,
760 2831 857 2881 Lechm.
883 2831 913 2892 5,
940 2831 987 2894 ΙΙ).

230 2971 265 3022 lte
286 2969 387 3021 discessu
408 2970 524 3036 loquitur5
547 2974 571 3020 et
591 2986 671 3038 reapse
693 2971 822 3022 discessisse
847 2986 874 3020 ex
898 2969 971 3036 elegia
991 2970 1090 3020 XXXII
1107 2968 1195 3035 liquet.

336 3052 414 3118 Igitur
435 3067 528 3104 cumen
545 3067 571 3102 ex
588 3053 691 3102 Secundo
708 3052 782 3102 Libro
799 3053 824 3101 in
841 3053 949 3102 Primum
966 3051 1084 3102 transtuli.

283 3190 346 3253 Hoc
367 3207 468 3252 verum
490 3193 535 3250 est
555 3193 617 3251 tota
636 3193 666 3250 te
686 3188 772 3268 ferri,
794 3187 939 3268 Cynthia,
960 3189 1069 3266 Roma,

323 3291 363 3354 ut
383 3311 440 3355 nou
461 3293 561 3370 ignota
581 3292 681 3354 vivere
702 3293 857 3369 nequitia?

283 3397 365 3458 llaec
383 3397 478 3458 merui
498 3396 638 3474 sperare?
660 3396 745 3458 dabis
766 3396 858 3475 mihi,
879 3396 1008 3475 perfida,
1029 3413 1156 3478 poenas,

322 3499 361 3560 iit
381 3499 466 3562 nobis
486 3498 600 3578 aliquo,
622 3497 766 3578 cynthia,
787 3504 892 3562 ventus
914 3501 979 3560 erit

283 3599 434 3663 Inveniam
456 3605 553 3662 tamen
574 3617 591 3662 c
612 3601 711 3662 multis
732 3600 886 3664 fallacibus
906 3621 1011 3684 unam,

323 3701 406 3782 Quae
426 3703 490 3768 lieri
510 3707 607 3770 nostro
628 3704 757 3770 cumino
777 3709 847 3770 ncta
866 3707 956 3787 velit,
