2642 4396
691 322 750 384 144

294 492 341 557 sit
360 511 479 556 mensae
498 496 590 574 ratio,
610 514 728 574 noxque
749 497 827 568 inter
846 499 953 576 poeula
972 502 1087 576 eurrat,

335 599 375 658 Et
394 598 508 658 erooino
528 598 609 660 naris
628 599 784 676 myrrheus
803 605 896 678 ungat
915 620 1004 678 onyx.

294 702 386 762 Tibia
405 702 553 762 nocturnis
573 703 743 764 sueeumbat
761 722 852 764 rauoa
871 702 1001 783 choreis,

334 805 375 865 Et
394 805 455 865 sint
473 805 624 882 nequitiae
644 806 739 866 libere
758 805 851 867 verba
870 810 956 886 tuae,

295 907 459 984 Duloiaque
479 907 609 984 ingratos
629 907 762 968 adimant
781 908 915 970 eonvieia
935 926 1067 990 somnos3
1232 911 1262 969 25

334 1012 459 1073 Publica
478 1012 593 1072 vicinae
613 1015 779 1090 perstrepat
798 1030 872 1072 aura
891 1012 968 1074 viae.

295 1112 341 1174 sit
361 1132 424 1175 sors
443 1117 474 1175 et
493 1115 577 1175 nobis
597 1115 722 1175 talorum
742 1114 901 1190 interprete
917 1115 1019 1193 jactu,

334 1214 429 1290 Quem
449 1217 588 1294 gravibus
607 1216 713 1294 pennis
733 1217 868 1277 verberet
888 1217 939 1277 ille
960 1217 1047 1277 Puer.

295 1317 369 1380 Cum
388 1319 477 1380 fuerit
497 1320 597 1380 multis
618 1322 723 1380 exaota
743 1319 899 1379 trientibus
919 1318 1008 1398 hora,

334 1422 438 1484 Noctis
458 1427 488 1483 et
507 1423 642 1484 instituet
661 1440 746 1484 saera
765 1423 901 1483 ministra
921 1423 1038 1502 Venus,

295 1523 403 1585 Annua
423 1525 570 1586 solvamus
590 1524 719 1586 thalamo
740 1526 874 1586 solennia
893 1529 1011 1603 nostro,

335 1628 511 1705 Natalisque
531 1628 575 1688 tui
594 1628 639 1688 sio
657 1645 834 1705 peragamus
855 1628 921 1688 iter.

210 1775 250 1825 15.
284 1775 358 1826 Oodd.
380 1792 429 1840 qua
446 1774 563 1840 primum
586 1775 748 1826 Brenkhusins
773 1777 873 1827 conexit
896 1795 945 1842 qua
967 1778 1072 1844 pridem,
1096 1777 1152 1846 quie
1165 1777 1260 1843 prinum
1297 1803 1298 1838 ι

177 1856 263 1924 legitur
278 1857 304 1907 iu
320 1857 420 1906 disticho
437 1858 564 1923 superiore.
1297 1839 1298 1856 ἵ

211 1947 253 1998 23.
286 1946 441 2004 doemonem,-
458 1946 559 1997 canendo
575 1946 637 1997 lasse
651 1949 706 2007 fiet,
723 1948 824 2015 explieat
840 1950 998 2000 Burmannus.

210 2033 251 2084 25.
285 2034 359 2085 Codd.
376 2035 486 2086 adimant
501 2036 622 2094 emotum
640 2037 679 2086 sed
695 2037 723 2086 de
740 2052 907 2102 conviviorum
919 2038 1063 2103 egitnrinv.
1073 2039 1118 2090 21.
1135 2039 1260 2090 mmo
1298 2059 1299 2120 ι

176 2119 241 2169 ratio
252 2111 301 2169 ete.
325 2117 488 2169 Brenkhusius
505 2120 610 2187 reposuit
625 2120 744 2181 conoide,
762 2121 839 2170 duloia
855 2121 959 2170 eonvieia
975 2122 1112 2172 ementium.

511 2342 825 2410 ELEGIA
874 2341 933 2408 XI.

554 2497 609 2546 nu
629 2498 786 2548 reunion
806 2497 889 2547 suo.

410 2622 494 2686 (eoru
512 2623 557 2683 13,
575 2624 658 2674 nm.
675 2624 721 2683 ιο,
740 2622 768 2672 ιι
775 2644 782 2682 ;
801 2623 898 2673 noum.
914 2621 945 2680 4,
964 2619 1026 2682 ιιι.)

249 2756 364 2822 apertum
380 2759 416 2806 est
432 2772 447 2806 ιι
463 2757 566 2808 seeundo
583 2757 608 2808 in
624 2758 730 2808 Tertium
746 2756 902 2808 revocandum
918 2771 967 2806 esse
983 2769 1090 2813 carmen,
1106 2753 1131 2802 in
1146 2765 1187 2816 quo

398 2838 536 2906 Propertius
552 2843 600 2890 tres
615 2839 689 2890 libros
705 2856 718 2890 a
734 2856 760 2891 se
776 2839 916 2907 compositos
932 2837 1045 2887 nominet.

298 2987 545 3068 Quandocumque
564 2983 656 3068 igitur
674 2995 788 3053 nostros
808 3009 885 3052 mors
905 2989 1024 3050 olaudet
1043 2987 1165 3063 ooellos,

337 3092 464 3175 Aoeipe,
485 3112 561 3172 quae
582 3113 699 3174 serves,
719 3093 831 3156 funeris
852 3099 919 3155 aeta
939 3093 1007 3154 mei.

296 3197 361 3259 Neo
380 3216 447 3258 mea
467 3202 529 3258 turn
549 3201 637 3276 longa
657 3200 801 3276 spatietur
821 3197 950 3274 imagine
969 3213 1097 3275 pompa,

336 3301 400 3362 Neo
421 3301 493 3362 tuba
512 3301 552 3363 sit
571 3301 626 3362 fati
646 3319 724 3362 vana
744 3302 867 3379 querela
886 3301 962 3379 mei,

296 3403 361 3466 Nee
380 3404 455 3465 mihi
475 3408 537 3465 tum
557 3403 650 3466 tulero
670 3409 818 3466 sternetur
838 3405 931 3464 leetus
952 3403 1079 3481 eburno,
1234 3393 1251 3451 5

337 3509 402 3570 Nee
422 3510 462 3570 sit
481 3508 610 3570 Attalico
630 3528 708 3571 mors
728 3527 795 3569 mea
814 3509 886 3568 nixa
906 3511 979 3568 toro.

297 3611 384 3673 Desit
403 3612 556 3675 odoriferis
575 3597 685 3676 nardus
705 3613 778 3676 mihi
798 3613 948 3692 lenoibus3
970 3610 1068 3672 adsint

339 3713 443 3778 Plebei
463 3734 573 3795 parvae
593 3715 704 3778 funeris
725 3717 877 3794 exequiae.
