2640 4400
724 377 743 437 6

305 546 417 624 Quodsi
436 546 614 626 pertendens
635 548 731 609 animo
751 547 869 609 vestita
880 547 1012 628 cubaris,

346 651 445 712 Scissa
463 655 547 712 veste
567 669 649 712 meas
670 652 822 731 experiere
842 670 963 724 manus;

305 752 383 828 Quin
404 755 508 833 etiam,
530 754 556 813 si
576 772 623 814 me
643 754 768 814 ulterius
787 754 957 830 provexerit
977 755 1037 834 ira,

346 844 490 919 Ostendes
510 858 597 918 matri
617 857 739 918 brachia
758 858 842 918 laesa
862 861 940 918 tuae.
1229 858 1271 916 20

305 961 439 1023 Necdum
459 961 618 1022 inclinatae
638 960 795 1039 prohibent
815 965 845 1021 te
866 960 969 1021 ludere
989 975 1146 1020 mammae:

347 1062 463 1124 Viderit
481 1063 572 1144 haec,
593 1063 619 1124 ai
639 1080 728 1140 quam
743 1064 809 1141 jam
828 1063 980 1141 peperisse
1000 1062 1099 1142 pudet

306 1165 384 1225 Dum
404 1184 457 1227 nos
477 1164 538 1226 iata
558 1167 673 1246 sinunt,
694 1167 792 1227 oculos
813 1166 954 1226 satiemus
975 1183 1092 1227 amores

346 1270 414 1331 Nox
433 1270 489 1330 tibi
509 1271 597 1346 longa
617 1270 714 1349 venit,
735 1287 790 1330 nee
809 1270 941 1330 reditura
961 1270 1034 1330 dies.

305 1370 403 1448 Atque
423 1373 536 1433 utinam
555 1371 712 1432 haerentes
732 1372 776 1433 sic
795 1390 848 1432 nos
868 1372 980 1434 vincire
1001 1376 1105 1432 catena
1236 1373 1273 1432 25

344 1474 460 1554 Valles,
481 1478 515 1535 ut
533 1493 683 1551 nunquam
704 1475 830 1534 solveret
850 1474 912 1534 ulla
932 1475 1017 1535 dies!

303 1578 448 1656 Exemplo
463 1578 584 1656 junctae
605 1578 660 1637 tibi
681 1577 793 1637 sintin
813 1595 911 1638 amore
932 1577 1097 1657 columbae,

342 1681 491 1742 Masculus
511 1685 541 1741 et
560 1685 654 1742 totum
673 1680 784 1741 femina
804 1681 980 1758 conjugium.

303 1783 407 1863 Errat,
427 1784 479 1860 qui
499 1782 586 1843 finem
606 1785 710 1844 vesani
730 1784 846 1862 quaerit
866 1784 990 1864 amoris3

343 1886 440 1948 Verus
460 1905 543 1949 amor
562 1890 676 1949 nullum
697 1889 780 1949 novit
799 1887 910 1947 habere
930 1887 1057 1948 modum.
1243 1889 1278 1948 30

306 1989 400 2049 Terra
419 1989 502 2067 prins
522 1990 597 2051 falso
616 1994 704 2068 partu
724 1990 845 2051 deludet
865 1994 996 2069 arantes,
1307 2043 1308 2054 ,

343 2092 384 2153 Et
404 2091 490 2154 eitius
509 2095 609 2171 nigros
630 2093 680 2155 Sol
700 2095 825 2171 agitabit
845 2112 950 2172 equos,

304 2193 500 2273 Fluminaque
520 2197 559 2257 ad
579 2200 667 2274 caput
687 2197 828 2274 incipient
847 2215 986 2258 revocare
1007 2197 1153 2280 liquores,

342 2295 452 2358 Aridus
472 2302 503 2359 et
523 2298 599 2360 sicco
619 2300 735 2376 gurgite
756 2299 846 2377 piscis
867 2300 939 2380 erit,

304 2400 399 2476 Quam
418 2403 528 2479 possim
548 2407 662 2465 nostros
683 2404 741 2464 ulio
761 2402 919 2464 transferre
939 2403 1071 2464 delores:
1242 2403 1276 2464 35

341 2505 437 2583 Hujus
458 2524 507 2567 ero
527 2507 630 2587 vivus,
651 2511 782 2568 mortuus
802 2506 891 2584 hujus
912 2524 970 2566 ero.

302 2605 388 2681 Quod
408 2608 481 2668 mihi
502 2610 529 2670 si
549 2627 647 2671 secum
668 2612 744 2671 tales
765 2611 925 2671 concedere
944 2612 1046 2672 noctes

340 2710 398 2770 Illa
416 2712 505 2792 velit,
525 2712 605 2772 vitae
626 2715 730 2790 longus
751 2718 781 2774 et
801 2731 895 2774 annus
915 2714 987 2794 erit3

302 2811 335 2873 Si
356 2813 437 2874 dabit
457 2814 531 2876 haec
550 2817 672 2895 multas,
693 2815 762 2876 fiam
781 2816 953 2877 immortalis
974 2816 1005 2875 in
1025 2816 1101 2878 illis:

341 2918 436 2979 Nocte
456 2937 515 2980 una
535 2920 633 2996 quivis
653 2922 703 3000 vel
723 2921 796 2982 deus
816 2938 882 2982 esse
901 2925 1008 2998 potest.
1241 2917 1275 2977 40
1303 2975 1304 3006 ³

303 3018 427 3095 Qualem
447 3022 472 3082 si
494 3022 591 3083 cuncti
612 3026 751 3100 cuperent
771 3023 916 3084 deducere
936 3024 1044 3103 vitem,
1303 3017 1304 3071 l

341 3124 381 3185 Et
400 3126 495 3203 pressi
514 3128 606 3187 multo
626 3126 757 3187 membra
772 3127 873 3204 jacere
893 3145 989 3206 mero,

303 3229 369 3290 Non
390 3227 498 3288 serrum
520 3229 653 3309 crudele,
675 3248 771 3306 neque
792 3235 870 3291 esset
890 3231 998 3292 bellica
1017 3230 1120 3310 navis,

341 3330 405 3392 Nec
425 3334 525 3392 nostra
544 3331 699 3394 Actiacum
719 3337 848 3395 verteret
867 3351 935 3395 ossa
954 3351 1054 3413 mere3

301 3434 365 3495 Nee
384 3434 492 3494 totiens
512 3435 639 3512 propriis
660 3435 769 3496 circum
788 3440 957 3515 oppugnata
976 3435 1151 3516 triumphis,
1237 3425 1271 3488 45
1301 3461 1302 3517 p

340 3536 436 3598 Lassa
456 3535 531 3598 foret
552 3538 647 3599 crines
668 3540 782 3600 solvere
803 3540 897 3600 Roma
916 3554 994 3601 suos.

301 3639 384 3701 Haeo
405 3643 484 3700 certe
504 3641 608 3702 merito
628 3645 766 3718 poterunt
785 3642 906 3701 laudare
927 3641 1073 3705 minores:

342 3741 508 3805 haeserunt
527 3744 623 3806 nullos
644 3745 751 3823 pocula
770 3749 871 3807 nostra
891 3745 970 3806 deos.
