2642 4396
685 327 744 388 228

203 504 242 552 24.
277 501 358 562 Solus,
376 503 439 551 totns
455 499 542 550 defixas
559 514 623 548 aram
638 497 664 548 in
679 496 819 564 cogitatione
833 497 945 556 hauuvii3
963 498 992 548 ad
1006 513 1033 546 ee
1047 513 1109 565 quoe
1123 498 1154 548 in
1171 497 1274 548 carmine
1298 559 1300 572 Ι

170 585 315 654 praecedenti
330 585 424 633 nauata
440 584 545 641 suenni,
562 580 664 647 respicit.

203 676 243 726 33.
278 676 354 740 Neap.
372 688 473 737 unques,
491 673 564 721 Gron.
582 669 655 736 ἕρκει.

203 764 244 813 34.
279 762 351 812 Codd.
366 763 455 810 clamat
469 776 558 826 aqum
572 759 673 808 Pncoius
689 760 778 808 clamat
792 774 865 818 anus,
880 759 965 809 auxilio
979 759 1067 810 vicinas
1082 777 1142 810 anus
1159 766 1242 811 vocat

203 854 244 902 39.
278 853 351 901 Gron.
369 851 483 901 cucurrit.

203 941 244 991 45.
278 944 350 991 Gron.
367 940 478 998 emitum·
496 941 570 1006 Neap.
587 939 687 990 madar.
722 940 793 989 Gron.
807 945 958 1004 prostratum
976 943 1053 1006 Neap.
1066 945 1223 1006 protractus.

204 1030 245 1079 54.
278 1031 437 1080 Perohscnrus
462 1030 535 1080 loeus.
569 1030 642 1079 Gron.
668 1035 724 1078 tuae
748 1029 818 1078 sudu
843 1035 927 1092 aperta
951 1045 1038 1080 meae.
1073 1030 1225 1080 Hciusiauns
1252 1035 1273 1080 ct

171 1112 337 1162 Borrichianus
354 1118 397 1162 tua
412 1112 479 1161 sidat
495 1117 578 1176 operta
593 1126 666 1160 mora.
692 1111 797 1160 Primam
811 1112 952 1176 scripturam
966 1115 1095 1178 exponunts
1110 1129 1139 1162 ne
1154 1113 1272 1162 lecticarii

171 1193 207 1243 tui
223 1194 306 1243 andere
322 1196 445 1258 cogantur,
464 1193 484 1242 si
501 1193 524 1241 in
542 1192 579 1241 vin
596 1209 609 1241 a
625 1195 649 1241 te
665 1192 810 1241 detineantur
823 1194 948 1252 morando,
966 1193 1058 1260 quaudo
1073 1211 1099 1243 ea
1114 1198 1202 1260 aperta
1215 1213 1271 1244 cuns

172 1275 249 1341 puella
269 1275 338 1324 obvia
358 1275 445 1325 diutius
468 1275 614 1341 colloqueris.
639 1274 684 1324 Sed
705 1274 817 1324 lecticarii
837 1274 943 1325 lecticam
966 1276 1073 1325 vehentes
1096 1277 1200 1336 sudant,
1223 1293 1272 1326 non

171 1360 295 1408 morantes.
321 1356 427 1407 Alteram
447 1357 615 1423 interpretetur
640 1357 814 1407 Bronkhusius:
832 1356 1161 1422 nelectioaaliquaclansa‚
1180 1358 1272 1423 inqua

173 1439 299 1490 amicarum
313 1441 407 1488 tuarum
420 1454 465 1488 una
480 1439 591 1496 vehetur,
607 1439 681 1498 sidet,
695 1438 732 1487 vel
740 1439 807 1488 humi
814 1438 994 1504 deponatur,ut
1002 1455 1056 1488 cum
1065 1439 1104 1488 illa
1116 1440 1271 1506 colloquaris.

174 1523 287 1572 contorte
302 1523 413 1588 proiecto.
440 1521 551 1570 Heinsius
568 1521 666 1584 conjecit
681 1538 707 1571 se
724 1523 764 1571 det
779 1536 823 1587 pro
837 1523 905 1570 sudet
920 1524 960 1570 aut
973 1521 1051 1580 sidat,
1070 1522 1270 1573 consentientibus

175 1605 275 1653 Grutero
298 1607 321 1652 ot
342 1602 490 1652 Marklando.
524 1603 609 1652 Sensus
626 1602 681 1652 erit:
709 1619 755 1652 nne
780 1605 803 1651 te
822 1605 926 1652 moretur
949 1602 1031 1652 lectica
1047 1605 1128 1668 aperta
1144 1619 1189 1669 per
1206 1605 1270 1654 siam

175 1685 327 1752 praeteriens,
342 1685 366 1734 in
381 1683 709 1751 quavehatnraliquspuella.
718 1705 729 1727 n
749 1685 778 1733 Se
787 1685 838 1742 det,
848 1682 957 1749 praebeat
965 1683 1108 1733 occasionem
1116 1700 1198 1735 morae
1207 1691 1269 1736 tuae

177 1765 243 1816 Nihil
259 1767 342 1818 melius
359 1767 406 1817 vidi
423 1771 463 1817 aut
479 1765 588 1830 cogitavi.

210 1855 250 1908 60,
284 1857 356 1906 Gron.
378 1854 503 1922 sufficiatis
527 1855 601 1920 Neap.
618 1853 726 1920 suffici&
750 1853 849 1903 Puceius
865 1853 937 1921 suffit
954 1859 993 1911 er;
1015 1855 1143 1905 Beroaldus
1164 1857 1268 1906 conexit

176 1937 256 2003 sssffiit
270 1943 302 1988 et.

210 2026 251 2075 63.
286 2027 357 2077 Codd.
373 2031 476 2084 mutat05
490 2025 602 2074 Heinsius
617 2024 746 2074 emendavit
759 2015 880 2075 mundato.

211 2116 252 2166 64.
287 2115 359 2164 Codd.
377 2115 500 2177 Respondi
515 2120 541 2165 et
555 2119 612 2164 toto.
639 2115 737 2164 Pnccius
754 2116 868 2179 despondi
884 2121 908 2166 et
924 2121 983 2166 tuto.
1010 2117 1121 2166 Heinsius
1138 2119 1268 2168 emendavit

176 2203 201 2248 et
216 2199 315 2263 sponda.
346 2200 403 2248 itsto
420 2201 486 2257 toro,
508 2197 580 2246 idest
595 2199 685 2262 pacato.
707 2196 823 2246 Solvimus
840 2214 920 2256 arma,
942 2199 1059 2248 finivimus
1076 2199 1163 2259 rixam,
1187 2217 1268 2266 pacem

176 2279 280 2330 fecimus.

694 2399 750 2464 IV.

542 2548 678 2596 UMBBA
698 2549 903 2596 CYNTHIAE.

442 2670 541 2732 (codd,
567 2671 649 2720 Burm.
673 2672 699 2730 i,
725 2673 771 2730 1V;
795 2672 893 2722 Lachm.
917 2673 944 2731 7,
968 2673 1008 2731 V.)

213 2810 260 2875 Qui
270 2807 392 2875 Propertio
401 2808 472 2856 hoece
480 2822 572 2855 carmen
580 2805 726 2864 tribuerunt,
736 2820 783 2854 non
792 2805 867 2854 solum
876 2804 962 2853 Umbri
971 2808 1054 2870 poetae
1062 2803 1236 2868 sagacissimum

242 2892 369 2956 judicium,
395 2889 434 2938 ssd
452 2889 522 2940 etiam
538 2889 701 2939 humaniorem
718 2888 821 2938 animum
839 2887 972 2938 calumniati
988 2891 1051 2937 sunt.
1078 2887 1237 2938 Versifieaturi

244 2974 311 3024 venia
319 2973 364 3030 sit,
376 2971 416 3037 qni
423 2971 510 3036 ingenii
518 2971 681 3020 exercitatione
690 2974 713 3020 et
722 2970 797 3036 specie
806 2969 927 3019 clarissimi
936 2970 1056 3034 cujusdam
1064 2974 1145 3036 poetas
1153 2985 1236 3019 nomen

245 3060 269 3106 et
289 3056 376 3104 colores
396 3056 515 3104 mutuatus
534 3053 622 3102 talibus
643 3051 807 3119 scriptionibus
821 3055 921 3117 nugatus
939 3056 987 3107 est;
1005 3068 1047 3100 nos
1065 3055 1141 3100 aritem
1158 3067 1187 3100 ne
1202 3050 1237 3100 illi

245 3136 414 3194 adscribamus,
429 3136 468 3200 qui
482 3151 524 3201 per
537 3136 637 3200 quinque
650 3149 722 3184 annos
736 3134 846 3184 feminam
859 3135 963 3199 ingenio,
977 3135 1053 3181 formu
1063 3149 1103 3182 nac
1112 3149 1159 3182 non
1168 3131 1237 3181 enimi

245 3217 344 3282 quadam
365 3215 468 3265 bonitate
489 3215 618 3281 praeditam
634 3215 763 3273 adamavit,
781 3215 865 3279 quique
881 3231 910 3263 ne
925 3214 1022 3262 lacrima
1039 3213 1143 3278 quidem,
1161 3217 1188 3263 ut
1204 3214 1237 3261 ait

247 3297 355 3356 Flaccus,
373 3299 458 3363 sparsit
475 3297 575 3346 amantis
592 3299 706 3347 cebetem
717 3297 842 3362 sacillum.
860 3297 896 3346 Ad
913 3295 1234 3361 rerumdescriptarumveri·

243 3382 314 3428 tutem
332 3381 393 3444 qnod
410 3381 506 3438 attinet,
525 3380 661 3445 Propertius
671 3379 721 3444 jam
730 3379 820 3445 pridem
829 3379 944 3444 Cynthiae
952 3377 1102 3436 valedixerat‚
1115 3379 1236 3440 trajecerat

245 3463 339 3526 Syrtes,
362 3463 457 3526 portum
479 3461 590 3526 tetigerat
611 3462 651 3522 (V.
673 3460 725 3510 Ult.
750 3461 875 3524 Cynthia),
897 3475 966 3524 sequa
986 3460 1010 3508 in
1033 3458 1134 3508 sacraria
1150 3456 1235 3506 Mentis

245 3543 325 3593 Bonae
347 3542 479 3592 condiderat
485 3563 492 3600 ;
515 3542 612 3592 forsitan
635 3542 705 3607 (qnod
726 3559 800 3608 neque
817 3544 954 3592 confirmare
971 3557 1044 3608 neque
1060 3557 1145 3606 negare
1160 3539 1234 3598 selim)

245 3622 379 3692 propediem
396 3624 494 3674 maritus
510 3623 555 3672 fuit
572 3627 596 3673 et
614 3625 691 3688 poten
709 3627 773 3684 tum,
791 3624 916 3673 immaturo
934 3625 982 3674 isto
1000 3623 1124 3689 abreptus,
1141 3625 1234 3671 fortasse

246 3709 299 3757 ante
317 3706 456 3774 Cynthium,
480 3705 570 3772 lllysias
587 3721 652 3756 rosas
668 3707 771 3772 legebat,
793 3723 866 3773 neque
883 3707 1004 3757 tenebatur
1021 3722 1035 3754 a
1051 3704 1144 3756 Doridis
1160 3701 1234 3753 herbis
