2624 4398
715 358 754 420 36

186 537 289 606 cynthia
310 533 424 602 gaudebat
444 532 482 586 ire
503 531 603 599 repeda
625 529 732 582 laudatis
754 527 826 581 corsis
848 530 872 580 et
893 528 988 596 capillis
1008 529 1044 580 ad
1057 529 1172 594 frosm
1188 524 1267 596 sparsi.

185 620 217 672 V.
232 620 299 686 Eleg.
317 620 345 680 1,
362 636 386 671 v.
403 619 428 679 Ι,
444 617 469 668 8.
485 615 539 667 Lib.
556 617 607 666 See.

219 709 260 760 15.
293 710 324 758 In
349 706 424 758 codd
453 706 499 756 hoc
526 703 643 754 distichon
667 702 754 767 legitur
778 705 834 769 post
857 718 938 754 verane
964 703 1010 764 19,
1035 703 1076 755 20.
1109 703 1267 769 'hajeetionen

184 793 358 861 proposuerunt
372 787 528 840 Maeilandus
543 789 568 837 et
584 785 735 836 Simena
1297 788 1300 839 5

217 883 260 934 21.
293 881 367 932 codd
392 895 484 930 omnese
509 877 610 928 Eradne
633 875 729 926 moeror
753 875 828 937 elata.
861 876 984 944 Scriptura
999 892 1046 926 non
1063 874 1174 936 sincera,
1191 873 1267 940 siquid

183 965 266 1016 sentio.
291 963 376 1014 Miseri
391 963 468 1029 ι’φιιε,
486 958 662 1011 Hemsierhnsii
677 957 746 1009 venia
762 958 794 1010 sit
810 959 912 1019 dictum,
929 975 977 1010 non
992 959 1032 1010 hic
1048 959 1172 1028 Propertii
1187 957 1265 1025 ingenio
1296 973 1300 1019 !

185 1047 337 1107 conveniant,
349 1045 411 1112 qnod
420 1044 449 1095 ab
457 1042 567 1112 epithetis
582 1042 648 1092 tritis
660 1044 697 1101 ei,
705 1041 840 1102 addicam,
848 1041 945 1108 proprio
954 1041 1140 1108 poetioolnmine
1149 1039 1267 1091 carentibus
1295 1028 1299 1114 i

184 1129 308 1180 abhorrere
329 1128 395 1180 solet.
427 1127 506 1178 Elaia
528 1126 619 1184 auam,
638 1123 717 1187 jndice
733 1122 897 1182 Lachmanno,
914 1123 1009 1174 dvadne
1025 1138 1140 1188 nusquam
1157 1126 1206 1183 est,
1222 1134 1267 1186 quse
1298 1115 1299 1152 i

185 1229 210 1264 se
230 1213 310 1263 vivam
331 1211 356 1261 in
378 1209 458 1267 mariti
480 1223 564 1272 rogum
580 1205 782 1272 praecipitaverat.
809 1205 935 1264 Heinsius,
952 1221 997 1272 pro
1013 1205 1124 1265 meror,
1140 1203 1238 1254 conexit
1250 1205 1268 1250 et

184 1294 345 1345 Bronkhusins
361 1292 385 1341 in
402 1293 514 1342 contextu
529 1289 617 1354 recepit
632 1302 711 1347 cerer,
727 1287 744 1338 i.
753 1303 773 1338 e.
783 1285 891 1347 ultimos,
901 1303 1021 1354 supremos
1029 1304 1099 1353 rogos
1107 1308 1114 1346 ς
1131 1284 1267 1353 qnodpaneis
1297 1299 1298 1302 ¹

184 1376 280 1444 plicuit.
305 1376 339 1426 At
355 1375 504 1424 Burmannus
520 1369 653 1422 felicissima
668 1369 822 1430 divinatione,
839 1369 949 1437 plurimis
965 1369 1077 1436 exemplis
1091 1371 1187 1420 firmata
1195 1367 1267 1433 abipso

186 1458 324 1525 Propertio,
348 1457 448 1515 ovidio,
470 1454 559 1513 Statio,
578 1453 706 1503 Claudiano
723 1455 747 1502 et
763 1452 850 1504 Senem
865 1453 1022 1519 depromptis,
1039 1453 1119 1503 docuit
1135 1452 1267 1504 smenon
1297 1482 1298 1528 3

186 1558 235 1592 csse
250 1541 349 1599 mietoe,
366 1539 395 1590 ad
411 1537 573 1603 significandos
591 1533 693 1585 anrnm
710 1535 836 1600 conjugem
852 1550 943 1596 mores,
960 1551 1019 1602 qnae
1027 1533 1267 1587 vivaeaemasitalihos
1297 1529 1298 1543 ¹

185 1618 286 1672 flammis
307 1621 371 1671 ultro
392 1617 527 1670 miscebant.
561 1619 620 1668 Post
635 1618 693 1680 haec
709 1618 794 1668 Petras
811 1617 990 1683 Perlkampius,
1007 1618 1114 1668 acerrimi
1129 1617 1216 1684 ingenii
1229 1615 1267 1672 vir,
1297 1645 1298 1674 ;

102 1737 104 1742 ·
186 1693 256 1769 quein
271 1704 297 1753 in
313 1703 371 1754 locis
388 1702 475 1768 spuriis
490 1701 658 1766 investigandis
674 1704 752 1750 vatem
771 1715 824 1750 cuna
840 1700 920 1752 Plinio
942 1701 1044 1760 diceres,
1064 1701 1171 1751 restitnit
1190 1701 1267 1750 aeda

186 1801 230 1852 pro
246 1787 320 1836 elata.
344 1784 462 1834 liebertus
479 1783 602 1848 Ungerus,
619 1781 685 1845 cujus
703 1783 865 1847 Propertium
880 1783 1000 1833 Analecta
1016 1783 1086 1832 modo
1099 1799 1162 1834 nnnc
1172 1782 1266 1833 mnsam·
1297 1793 1298 1818 ³

187 1867 230 1917 bus
245 1866 329 1925 habui,
346 1882 419 1932 quum
435 1865 541 1932 plagulas
554 1865 605 1929 jam
621 1865 693 1930 prelis
708 1865 808 1915 traditas
825 1865 977 1930 corrigerem,
995 1865 1073 1916 locum
1080 1865 1115 1915 ita
1123 1865 1267 1916 concinnavit:
1297 1921 1298 1925 Ἰ

187 1951 318 2000 miscerent
327 1950 407 2006 laeta,·
423 1947 488 1997 nulla
503 1950 583 1998 tamm
599 1947 786 1998 Burmannianae
802 1947 969 2014 disquisitionis
985 1947 1267 1998 faetaeommemoratione
1298 1979 1299 2003 ,

187 2031 266 2096 Magis
282 2030 376 2097 placent
392 2029 536 2079 Batavorum
552 2028 728 2078 emendationes.

222 2120 263 2170 29.
297 2120 370 2169 Godd.
388 2119 469 2169 Malta
480 2119 565 2185 prium
583 2120 692 2168 Muretus
709 2117 841 2169 emendavit
856 2123 929 2170 muta.
954 2119 1017 2185 Lege
1039 2119 1126 2179 Versa,
1144 2120 1267 2184 siterepe
1299 2113 1301 2174 ζ

188 2202 242 2253 titio
267 2200 371 2281 ejusdem
391 2202 456 2252 vocis
473 2231 507 2240 -
523 2202 628 2252 ineerm
644 2202 706 2252 vices
723 2231 755 2240 -
771 2218 819 2252 non
835 2202 920 2253 laedat.
953 2203 1053 2254 Ovidius
1069 2201 1169 2254 Heroid.
1187 2202 1219 2252 V:
1236 2200 1269 2250 Aa
1300 2185 1301 2234 i

182 2285 277 2351 sontem
293 2285 390 2335 Xanthi
405 2301 473 2335 aerea
488 2289 597 2335 recurret
612 2301 684 2350 aqua.

125 2414 127 2418 .
223 2373 265 2422 33.
300 2373 373 2423 Codd.
390 2375 464 2428 &aas
479 2373 553 2431 seih&
570 2373 812 2424 ErnmtnsScholsins
821 2374 1029 2425 emendaritaam:
1047 2371 1268 2441 Tesemperamabo‚

190 2456 222 2505 sis
247 2455 406 2522 quodcumque
430 2454 511 2513 volas;
537 2454 599 2505 absit
623 2455 685 2505 onim
709 2458 737 2506 at
762 2454 841 2506 ocalos
864 2456 923 2507 istos
948 2460 1112 2516 contemnam,
1141 2469 1267 2522 quanquam
1299 2449 1300 2456 ’

190 2538 299 2604 perfidiae
314 2541 369 2589 tuae
384 2537 512 2588 ministros.

521 2741 797 2810 annale
841 2742 951 2810 XXII.

593 2897 646 2946 ΑΙ)
671 2897 883 2948 crunnum.

412 3018 561 3082 (enideo,
579 3020 662 3070 Barm.
681 3020 725 3080 16,
743 3020 786 3079 11;
803 3019 923 3072 Lachman
941 3022 986 3083 12,
1004 3022 1066 3086 111.)

226 3151 376 3220 Propertium
391 3152 448 3202 haec
464 3168 511 3202 non
527 3152 704 3220 conscripsisse,
721 3153 778 3204 dnm
793 3154 847 3205 illas
863 3156 985 3223 expetebat
1000 3175 1061 3224 quae
1076 3161 1208 3225 Euphrates
1221 3157 1241 3204 rt

259 3251 320 3302 quae
333 3235 408 3284 mittit
422 3235 536 3294 Orontes,
553 3239 633 3286 monet
646 3235 823 3300 jusjurandum:
839 3240 900 3289 Ocra
909 3239 1016 3305 tibijuro
1023 3257 1066 3306 per
1075 3241 1158 3291 matris
1166 3244 1188 3290 et
1195 3252 1241 3288 orca

255 3318 379 3386 parentia·
397 3318 424 3368 Si
433 3318 514 3382 salio,
531 3317 592 3370 sisic
609 3319 655 3369 herr
670 3320 704 3370 es't
719 3320 780 3370 acidi
795 3324 893 3386 sinque
906 3322 995 3386 proris.
1019 3322 1103 3388 Itaque
1120 3339 1134 3372 a
1149 3318 1240 3372 Secundo

259 3400 285 3450 in
306 3399 414 3450 Pdmom
434 3397 532 3450 Librum
554 3414 648 3450 carmen
664 3403 784 3462 revocavi,
806 3403 844 3454 cni
860 3404 1003 3454 restituenda
1018 3409 1074 3455 eant
1090 3404 1188 3456 disticha
1203 3399 1239 3456 18.

261 3483 293 3534 19
310 3485 335 3534 et
349 3482 396 3543 20,
412 3485 480 3533 extra
494 3481 572 3532 sedem
588 3483 698 3548 vagantia
713 3487 768 3552 pest
783 3485 883 3536 XXVII
899 3485 1006 3552 elegiam.

315 3614 394 3691 Quid
413 3615 467 3678 fles
487 3615 615 3679 abducta
634 3619 755 3694 gravius
776 3619 933 3684 Briseide?
955 3622 1028 3702 qnid
1047 3621 1102 3684 fles

353 3719 453 3783 Anxia
471 3721 589 3800 captiva
609 3720 723 3786 tristius
743 3722 973 3789 Andromacha?
