2624 4398
553 365 610 425 107

152 539 292 617 Lynceo,
313 541 383 599 tone
403 553 499 598 meam
517 538 656 616 potuisti,
676 535 804 617 perfide,
826 554 927 598 euram

195 639 357 718 Tangere?
378 657 474 701 nonne
493 644 563 702 tuoe
582 645 653 702 tune
672 639 804 702 cecidere
824 639 953 702 manus?
1087 641 1127 702 10

152 743 247 823 Quid,
268 745 294 805 si
314 763 372 806 non
391 747 527 805 constans
547 744 600 805 illo
620 747 730 806 ettam
751 748 832 806 terte
851 743 984 807 fuisset?

193 848 300 908 Posses
320 847 352 907 in
373 850 453 907 tento
472 847 573 908 vivere
593 846 731 924 flagitio?

153 951 202 1011 'lu
222 949 296 1012 mihi
315 949 460 1012 vellens
479 953 598 1030 peetus,
618 952 667 1012 vel
686 949 778 1029 perde
797 967 927 1013 veneno:

194 1051 221 1111 A
245 1051 363 1112 domine
382 1054 496 1113 tantum
516 1057 545 1112 te
566 1052 651 1114 modo
671 1053 743 1114 tolle
763 1071 838 1115 mes.

154 1155 199 1215 Te
220 1155 331 1216 sooinm
350 1155 446 1234 vitoe,
467 1159 497 1216 te
518 1156 646 1234 eorporis
666 1174 731 1218 esse
751 1156 869 1237 licebit,
1089 1154 1128 1216 15

196 1258 243 1319 'Pe
263 1257 412 1319 dominum
433 1258 556 1320 admitto
575 1258 679 1337 rebus,
701 1259 811 1339 amice,
832 1258 920 1321 meis:

154 1361 247 1422 Lento
263 1365 298 1422 te
318 1362 428 1440 solum,
449 1362 525 1422 leoto
545 1363 576 1422 te
596 1360 737 1441 depreeor
755 1379 829 1424 uno:

196 1463 333 1524 Rivalem
352 1481 472 1542 possum
491 1481 550 1526 non
571 1481 627 1541 ego
647 1464 723 1526 serre
741 1465 856 1527 Jovem.

156 1565 225 1643 lpse
245 1583 327 1627 moes
347 1566 442 1646 solus,
463 1567 542 1644 quod
562 1567 607 1627 nil
627 1570 688 1646 est,
709 1566 839 1627 aemulor
859 1567 993 1646 umbros,

197 1667 311 1730 Stultus
331 1669 410 1746 quod
428 1671 510 1732 nullo
530 1689 620 1750 seepe
639 1671 745 1733 timore
764 1675 866 1734 tremo.
1090 1673 1130 1731 20

158 1773 225 1834 Una
244 1775 344 1834 temen
363 1791 455 1836 cause
475 1779 536 1854 est,
558 1793 624 1851 qna,
638 1775 760 1836 erimine
780 1778 864 1837 tante
882 1774 1015 1838 remitto:

197 1873 345 1936 Errabant
364 1875 457 1937 multo
476 1876 556 1954 quod
575 1880 627 1938 tus
649 1877 740 1938 verbo
758 1895 848 1941 moro.

157 1976 218 2038 Sed
238 1994 387 2054 nunquam
407 1978 487 2040 vitae
507 1978 592 2040 fellet
612 1997 659 2040 me
679 1998 754 2058 ruge
774 1998 910 2042 severae:

199 2078 308 2142 Omnes
323 2080 389 2159 jem
407 2085 529 2162 norunt,
551 2098 639 2160 quem
659 2083 699 2144 sit
719 2101 819 2146 emere
838 2086 954 2146 bonum.

85 2255 111 2303 1.
149 2252 223 2302 Gron.
240 2251 331 2310 credit,·
347 2254 422 2318 Neop.
437 2253 528 2303 medat.
546 2252 632 2303 Deinde
647 2254 720 2304 Gron.
735 2255 827 2315 amari,
842 2256 910 2322 Neep
932 2254 1016 2306 amori.
1034 2254 1134 2304 Pnooius

32 2337 127 2396 amice,
142 2334 214 2384 etita
228 2337 274 2383 vet.
288 2333 339 2383 edd.
356 2333 476 2383 Verinrem
490 2337 548 2400 puto
562 2333 684 2385 lectionem
699 2334 729 2384 ob
742 2336 854 2400 majorem
866 2337 993 2386 sententiae
1005 2335 1133 2403 perspicui·

33 2424 125 2478 tatem,
143 2421 168 2468 et
184 2417 238 2481 quie
253 2416 278 2464 in
294 2431 317 2465 v.
335 2416 363 2466 3:
382 2417 455 2465 Amor
471 2416 615 2474 nominetur,
635 2418 672 2466 oni
689 2419 813 2483 respondet
828 2435 852 2469 v.
862 2419 889 2469 5:
909 2420 1004 2469 Polluit
1016 2419 1134 2469 audeo.

68 2509 112 2558 20.
151 2505 224 2556 codd.
249 2508 338 2556 elerum
362 2507 428 2571 quod
450 2508 538 2564 stult05
564 2505 663 2556 moleste
688 2507 795 2573 repetitio
820 2510 843 2557 et
865 2507 966 2574 illepide.
1000 2505 1136 2557 Fonteinius

36 2589 147 2658 reposuit
162 2590 242 2640 nullo.-
261 2604 328 2654 saepe
344 2590 419 2639 tremo
436 2589 476 2638 ubi
492 2588 558 2639 nulle
573 2604 643 2639 oense
659 2589 750 2640 timoris
766 2592 809 2640 est.

374 2817 632 2886 ELEGIA
666 2819 804 2884 XXVII.

328 2977 382 3023 DE
410 2974 617 3022 vulturno
644 2973 847 3021 cnnsllms.
889 3010 893 3018 ,

268 3097 350 3161 (codd.
376 3098 405 3157 4,
432 3097 514 3146 Burm.
540 3097 568 3156 3,
595 3094 654 3154 111;
681 3095 777 3146 Lsohm.
802 3095 831 3155 3,
856 3094 912 3154 IV.)

75 3233 171 3284 Bellum
192 3233 218 3282 in
238 3233 340 3284 Parthos
360 3233 481 3293 molitum,
501 3249 549 3283 non
570 3235 715 3298 suseeptnm,
741 3247 813 3296 quum
835 3231 948 3281 Tiridates
964 3246 1024 3282 enno
1041 3248 1065 3282 rr.
1082 3249 1103 3284 o.

110 3317 286 3376 mccxxxlv
295 3315 362 3381 signe
371 3317 449 3366 Croesi
462 3315 594 3382 etoaptivos
604 3315 720 3364 Romanos
728 3313 874 3372 reddidisset,
883 3313 998 3378 significet
1006 3314 1102 3379 elegiam

110 3399 267 3466 tonsoriplom
282 3398 352 3448 fuisse
368 3414 427 3448 nnno
444 3397 624 3448 DGCXXXIII
641 3395 679 3446 vel
694 3396 787 3446 ineunte
803 3393 962 3462 subsequente.
985 3397 1007 3445 A
1023 3397 1102 3449 Tertio

2 3541 3 3550 ἵ
111 3481 185 3532 Libro
201 3483 227 3532 in
244 3481 372 3532 Secundum
390 3479 506 3530 transtuli.
533 3479 648 3528 Versuum
664 3476 826 3544 perturbatum
843 3477 946 3528 ordinem
962 3479 1061 3532 restitui.

164 3636 256 3698 Arma
275 3637 357 3697 Deus
379 3633 489 3696 Oseser
509 3634 586 3696 dites
605 3633 764 3708 meditetur
783 3633 822 3695 ad
842 3633 945 3714 Indos,

204 3739 245 3802 Et
263 3739 340 3802 frete
359 3737 524 3818 gemmiferi
543 3736 654 3800 findere
673 3737 769 3800 classe
788 3737 886 3800 moris.
