<?xml version="1.0" encoding="UTF-8"?>
<!DOCTYPE html PUBLIC "-//W3C//DTD XHTML 1.0 Transitional//EN"
    "http://www.w3.org/TR/xhtml1/DTD/xhtml1-transitional.dtd">
<html xmlns="http://www.w3.org/1999/xhtml" xml:lang="en" lang="en">
 <head>
  <title>
</title>
<meta http-equiv="Content-Type" content="text/html;charset=utf-8" />
  <meta name='ocr-system' content='tesseract 3.04.00' />
  <meta name='ocr-capabilities' content='ocr_page ocr_carea ocr_par ocr_line ocrx_word'/>
</head>
<body>
  <div class='ocr_page' id='page_1' title='image "./cynthiacumlibro00carugoog_0064.png"; bbox 0 0 2640 4400; ppageno 0'>
   <div class='ocr_carea' id='block_1_1' title="bbox 155 785 977 874">
    <p class='ocr_par' dir='ltr' id='par_1_1' title="bbox 155 785 977 874">
     <span class='ocr_line' id='line_1_1' title="bbox 155 785 977 874; baseline -0.005 -2"><span class='ocrx_word' id='word_1_1' title='bbox 155 789 393 874; x_wconf 77' lang='lat' dir='ltr'>Pueeuuuu</span> <span class='ocrx_word' id='word_1_2' title='bbox 423 787 653 871; x_wconf 78' lang='lat' dir='ltr'>umuouns</span> <span class='ocrx_word' id='word_1_3' title='bbox 686 785 977 870; x_wconf 68' lang='lat' dir='ltr'>rennuente.</span> 
     </span>
    </p>
   </div>
   <div class='ocr_carea' id='block_1_2' title="bbox 35 1218 1112 1696">
    <p class='ocr_par' dir='ltr' id='par_1_2' title="bbox 35 1218 1112 1696">
     <span class='ocr_line' id='line_1_2' title="bbox 65 1218 1111 1301; baseline -0.01 -18"><span class='ocrx_word' id='word_1_4' title='bbox 65 1221 195 1283; x_wconf 85' lang='lat' dir='ltr'><strong>Omnium</strong></span> <span class='ocrx_word' id='word_1_5' title='bbox 234 1223 392 1283; x_wconf 80' lang='lat' dir='ltr'><strong>editionum</strong></span> <span class='ocrx_word' id='word_1_6' title='bbox 429 1223 680 1301; x_wconf 82' lang='lat' dir='ltr'>propentianarnm</span> <span class='ocrx_word' id='word_1_7' title='bbox 717 1221 844 1282; x_wconf 88' lang='lat' dir='ltr'>indioem</span> <span class='ocrx_word' id='word_1_8' title='bbox 880 1218 1022 1296; x_wconf 87' lang='lat' dir='ltr'>praebere</span> <span class='ocrx_word' id='word_1_9' title='bbox 1054 1233 1111 1274; x_wconf 94' lang='lat' dir='ltr'>non</span> 
     </span>
     <span class='ocr_line' id='line_1_3' title="bbox 35 1321 1111 1398; baseline -0.007 -12"><span class='ocrx_word' id='word_1_10' title='bbox 35 1328 142 1388; x_wconf 87' lang='lat' dir='ltr'>nultum</span> <span class='ocrx_word' id='word_1_11' title='bbox 163 1326 201 1385; x_wconf 88' lang='lat' dir='ltr'>ad</span> <span class='ocrx_word' id='word_1_12' title='bbox 222 1329 374 1386; x_wconf 83' lang='lat' dir='ltr'>contextus</span> <span class='ocrx_word' id='word_1_13' title='bbox 395 1325 547 1388; x_wconf 80' lang='lat' dir='ltr'><strong>historiam</strong></span> <span class='ocrx_word' id='word_1_14' title='bbox 569 1323 725 1385; x_wconf 84' lang='lat' dir='ltr'>conferret:</span> <span class='ocrx_word' id='word_1_15' title='bbox 748 1341 798 1384; x_wconf 81' lang='lat' dir='ltr'>eae</span> <span class='ocrx_word' id='word_1_16' title='bbox 821 1321 1013 1398; x_wconf 81' lang='lat' dir='ltr'>enumerabo,</span> <span class='ocrx_word' id='word_1_17' title='bbox 1035 1336 1111 1397; x_wconf 84' lang='lat' dir='ltr'>quae</span> 
     </span>
     <span class='ocr_line' id='line_1_4' title="bbox 35 1422 1111 1508; baseline -0.01 -19"><span class='ocrx_word' id='word_1_18' title='bbox 35 1431 166 1508; x_wconf 80' lang='lat' dir='ltr'>principes</span> <span class='ocrx_word' id='word_1_19' title='bbox 194 1432 262 1489; x_wconf 81' lang='lat' dir='ltr'>eunt</span> <span class='ocrx_word' id='word_1_20' title='bbox 289 1428 430 1489; x_wconf 80' lang='lat' dir='ltr'>dicendae</span> <span class='ocrx_word' id='word_1_21' title='bbox 459 1428 536 1505; x_wconf 90' lang='lat' dir='ltr'>quod</span> <span class='ocrx_word' id='word_1_22' title='bbox 563 1430 612 1488; x_wconf 87' lang='lat' dir='ltr'>vel</span> <span class='ocrx_word' id='word_1_23' title='bbox 633 1430 670 1488; x_wconf 86' lang='lat' dir='ltr'>ab</span> <span class='ocrx_word' id='word_1_24' title='bbox 698 1428 772 1505; x_wconf 83' lang='lat' dir='ltr'>ipsis</span> <span class='ocrx_word' id='word_1_25' title='bbox 799 1432 949 1503; x_wconf 88' lang='lat' dir='ltr'>tamquam</span> <span class='ocrx_word' id='word_1_26' title='bbox 975 1442 994 1483; x_wconf 87' lang='lat' dir='ltr'>a</span> <span class='ocrx_word' id='word_1_27' title='bbox 1021 1422 1111 1497; x_wconf 76' lang='lat' dir='ltr'>stiipe</span> 
     </span>
     <span class='ocr_line' id='line_1_5' title="bbox 35 1526 1112 1610; baseline -0.006 -21"><span class='ocrx_word' id='word_1_28' title='bbox 35 1532 143 1593; x_wconf 85' lang='lat' dir='ltr'>aliarum</span> <span class='ocrx_word' id='word_1_29' title='bbox 173 1533 333 1594; x_wconf 83' lang='lat' dir='ltr'>editionum</span> <span class='ocrx_word' id='word_1_30' title='bbox 359 1532 471 1593; x_wconf 80' lang='lat' dir='ltr'>familia</span> <span class='ocrx_word' id='word_1_31' title='bbox 497 1535 641 1610; x_wconf 79' lang='lat' dir='ltr'>prognata</span> <span class='ocrx_word' id='word_1_32' title='bbox 662 1534 723 1606; x_wconf 84' lang='lat' dir='ltr'>est,</span> <span class='ocrx_word' id='word_1_33' title='bbox 745 1531 793 1588; x_wconf 89' lang='lat' dir='ltr'>vei</span> <span class='ocrx_word' id='word_1_34' title='bbox 815 1529 963 1590; x_wconf 78' lang='lat' dir='ltr'>doctorum</span> <span class='ocrx_word' id='word_1_35' title='bbox 984 1526 1112 1584; x_wconf 82' lang='lat' dir='ltr'>virorum</span> 
     </span>
     <span class='ocr_line' id='line_1_6' title="bbox 35 1636 511 1696; baseline 0.006 -6"><span class='ocrx_word' id='word_1_36' title='bbox 35 1636 233 1696; x_wconf 78' lang='lat' dir='ltr'>commentariis</span> <span class='ocrx_word' id='word_1_37' title='bbox 254 1636 412 1696; x_wconf 82' lang='lat' dir='ltr'>instructae</span> <span class='ocrx_word' id='word_1_38' title='bbox 433 1639 511 1695; x_wconf 87' lang='lat' dir='ltr'>sunt.</span> 
     </span>
    </p>
   </div>
   <div class='ocr_carea' id='block_1_3' title="bbox 18 1758 1115 3784">
    <p class='ocr_par' dir='ltr' id='par_1_3' title="bbox 35 1758 215 1816">
     <span class='ocr_line' id='line_1_7' title="bbox 35 1758 215 1816; baseline 0.022 -6"><span class='ocrx_word' id='word_1_39' title='bbox 35 1758 135 1816; x_wconf 73' lang='lat' dir='ltr'>soeculo</span> <span class='ocrx_word' id='word_1_40' title='bbox 151 1762 215 1814; x_wconf 84' lang='lat' dir='ltr'>xV.</span> 
     </span>
    </p>

    <p class='ocr_par' dir='ltr' id='par_1_4' title="bbox 36 1839 1114 2318">
     <span class='ocr_line' id='line_1_8' title="bbox 36 1839 1111 1913; baseline -0.006 -19"><span class='ocrx_word' id='word_1_41' title='bbox 36 1843 94 1894; x_wconf 67' lang='lat' dir='ltr'>luta.</span> <span class='ocrx_word' id='word_1_42' title='bbox 127 1845 205 1896; x_wconf 78' lang='lat' dir='ltr'>Editio</span> <span class='ocrx_word' id='word_1_43' title='bbox 227 1847 343 1913; x_wconf 78' lang='lat' dir='ltr'>princeps.</span> <span class='ocrx_word' id='word_1_44' title='bbox 375 1848 466 1898; x_wconf 84' lang='lat' dir='ltr'>Valerii</span> <span class='ocrx_word' id='word_1_45' title='bbox 488 1847 592 1905; x_wconf 86' lang='lat' dir='ltr'>Catulli,</span> <span class='ocrx_word' id='word_1_46' title='bbox 613 1845 767 1903; x_wconf 71' lang='lat' dir='ltr'>Veromo,</span> <span class='ocrx_word' id='word_1_47' title='bbox 786 1845 876 1894; x_wconf 77' lang='lat' dir='ltr'>Poetae</span> <span class='ocrx_word' id='word_1_48' title='bbox 892 1839 1033 1900; x_wconf 80' lang='lat' dir='ltr'>elarirriuti,</span> <span class='ocrx_word' id='word_1_49' title='bbox 1054 1841 1111 1888; x_wconf 86' lang='lat' dir='ltr'>Car·</span> 
     </span>
     <span class='ocr_line' id='line_1_9' title="bbox 128 1920 1114 1993; baseline -0.007 -17"><span class='ocrx_word' id='word_1_50' title='bbox 128 1931 206 1985; x_wconf 58' lang='lat' dir='ltr'>mium</span> <span class='ocrx_word' id='word_1_51' title='bbox 223 1929 292 1977; x_wconf 82' lang='lat' dir='ltr'>Allii</span> <span class='ocrx_word' id='word_1_52' title='bbox 307 1929 404 1986; x_wconf 78' lang='lat' dir='ltr'>utoutti,</span> <span class='ocrx_word' id='word_1_53' title='bbox 422 1927 509 1993; x_wconf 80' lang='lat' dir='ltr'>equitio</span> <span class='ocrx_word' id='word_1_54' title='bbox 527 1926 644 1986; x_wconf 71' lang='lat' dir='ltr'>Romani,</span> <span class='ocrx_word' id='word_1_55' title='bbox 661 1927 769 1991; x_wconf 70' lang='lat' dir='ltr'>elepiuep</span> <span class='ocrx_word' id='word_1_56' title='bbox 785 1925 881 1976; x_wconf 83' lang='lat' dir='ltr'>Aurelii</span> <span class='ocrx_word' id='word_1_57' title='bbox 896 1923 1019 1990; x_wconf 72' lang='lat' dir='ltr'>Propertii</span> <span class='ocrx_word' id='word_1_58' title='bbox 1031 1920 1114 1970; x_wconf 81' lang='lat' dir='ltr'>Umbri</span> 
     </span>
     <span class='ocr_line' id='line_1_10' title="bbox 128 2005 1112 2074; baseline -0.005 -16"><span class='ocrx_word' id='word_1_59' title='bbox 128 2010 225 2060; x_wconf 79' lang='lat' dir='ltr'>Meretri</span> <span class='ocrx_word' id='word_1_60' title='bbox 240 2011 363 2068; x_wconf 66' lang='lat' dir='ltr'>rumim</span> <span class='ocrx_word' id='word_1_61' title='bbox 381 2011 411 2061; x_wconf 88' lang='lat' dir='ltr'>P.</span> <span class='ocrx_word' id='word_1_62' title='bbox 432 2009 532 2074; x_wconf 78' lang='lat' dir='ltr'>Papinii</span> <span class='ocrx_word' id='word_1_63' title='bbox 550 2009 624 2058; x_wconf 77' lang='lat' dir='ltr'>oraru</span> <span class='ocrx_word' id='word_1_64' title='bbox 642 2009 740 2060; x_wconf 78' lang='lat' dir='ltr'>Surculi</span> <span class='ocrx_word' id='word_1_65' title='bbox 757 2011 880 2072; x_wconf 76' lang='lat' dir='ltr'>Sylourum</span> <span class='ocrx_word' id='word_1_66' title='bbox 895 2005 1112 2056; x_wconf 79' lang='lat' dir='ltr'>lilerudStellum.</span> 
     </span>
     <span class='ocr_line' id='line_1_11' title="bbox 128 2087 1079 2158; baseline -0.005 -18"><span class='ocrx_word' id='word_1_67' title='bbox 128 2091 255 2153; x_wconf 75' lang='lat' dir='ltr'>(venetiis,</span> <span class='ocrx_word' id='word_1_68' title='bbox 272 2092 410 2142; x_wconf 82' lang='lat' dir='ltr'>Vindelinuu</span> <span class='ocrx_word' id='word_1_69' title='bbox 426 2091 553 2158; x_wconf 81' lang='lat' dir='ltr'>despire).</span> <span class='ocrx_word' id='word_1_70' title='bbox 579 2092 609 2140; x_wconf 93' lang='lat' dir='ltr'>In</span> <span class='ocrx_word' id='word_1_71' title='bbox 625 2092 662 2142; x_wconf 77' lang='lat'>4⁰.</span> <span class='ocrx_word' id='word_1_72' title='bbox 679 2092 734 2156; x_wconf 85' lang='lat' dir='ltr'>maj.</span> <span class='ocrx_word' id='word_1_73' title='bbox 762 2092 832 2142; x_wconf 84' lang='lat' dir='ltr'>Hunc</span> <span class='ocrx_word' id='word_1_74' title='bbox 854 2089 953 2139; x_wconf 86' lang='lat' dir='ltr'>eontulit</span> <span class='ocrx_word' id='word_1_75' title='bbox 971 2087 1079 2153; x_wconf 80' lang='lat' dir='ltr'>Vulpiuo.</span> 
     </span>
     <span class='ocr_line' id='line_1_12' title="bbox 129 2167 1113 2238; baseline -0.003 -16"><span class='ocrx_word' id='word_1_76' title='bbox 129 2175 251 2232; x_wconf 74' lang='lat' dir='ltr'><em>Catullus,</em></span> <span class='ocrx_word' id='word_1_77' title='bbox 271 2173 393 2233; x_wconf 71' lang='lat' dir='ltr'><em>Tibullus,</em></span> <span class='ocrx_word' id='word_1_78' title='bbox 408 2173 663 2238; x_wconf 84' lang='lat' dir='ltr'>PropertiuretStatii</span> <span class='ocrx_word' id='word_1_79' title='bbox 672 2171 982 2238; x_wconf 78' lang='lat' dir='ltr'>PapiniiSylrarumliler.</span> <span class='ocrx_word' id='word_1_80' title='bbox 1000 2167 1113 2227; x_wconf 70' lang='lat' dir='ltr'>venetiis,</span> 
     </span>
     <span class='ocr_line' id='line_1_13' title="bbox 127 2251 1114 2318; baseline -0.004 -14"><span class='ocrx_word' id='word_1_81' title='bbox 127 2256 166 2305; x_wconf 89' lang='lat' dir='ltr'>Jo.</span> <span class='ocrx_word' id='word_1_82' title='bbox 184 2257 215 2306; x_wconf 81' lang='lat' dir='ltr'>de</span> <span class='ocrx_word' id='word_1_83' title='bbox 232 2257 332 2306; x_wconf 76' lang='lat' dir='ltr'>Colonia</span> <span class='ocrx_word' id='word_1_84' title='bbox 348 2262 372 2306; x_wconf 85' lang='lat' dir='ltr'>et</span> <span class='ocrx_word' id='word_1_85' title='bbox 389 2257 429 2307; x_wconf 89' lang='lat' dir='ltr'>Jo.</span> <span class='ocrx_word' id='word_1_86' title='bbox 449 2256 572 2306; x_wconf 74' lang='lat' dir='ltr'>Martium</span> <span class='ocrx_word' id='word_1_87' title='bbox 587 2257 617 2306; x_wconf 86' lang='lat' dir='ltr'>de</span> <span class='ocrx_word' id='word_1_88' title='bbox 638 2257 756 2307; x_wconf 58' lang='lat' dir='ltr'>ornem.</span> <span class='ocrx_word' id='word_1_89' title='bbox 775 2254 915 2318; x_wconf 79' lang='lat' dir='ltr'>1n4⁰.1noj.</span> <span class='ocrx_word' id='word_1_90' title='bbox 933 2253 1003 2303; x_wconf 78' lang='lat' dir='ltr'>Hono</span> <span class='ocrx_word' id='word_1_91' title='bbox 1013 2251 1114 2302; x_wconf 73' lang='lat' dir='ltr'>excussit</span> 
     </span>
    </p>

    <p class='ocr_par' dir='ltr' id='par_1_5' title="bbox 18 2337 302 2410">
     <span class='ocr_line' id='line_1_14' title="bbox 18 2337 302 2410; baseline 0.007 -25"><span class='ocrx_word' id='word_1_92' title='bbox 18 2403 19 2410; x_wconf 10' lang='grc' dir='ltr'>ἵ</span> <span class='ocrx_word' id='word_1_93' title='bbox 129 2337 302 2387; x_wconf 83' lang='lat' dir='ltr'>Broukhueios.</span> 
     </span>
    </p>

    <p class='ocr_par' dir='ltr' id='par_1_6' title="bbox 92 2417 1114 2634">
     <span class='ocr_line' id='line_1_15' title="bbox 92 2417 1114 2485; baseline 0.002 -19"><span class='ocrx_word' id='word_1_94' title='bbox 92 2453 97 2466; x_wconf 92' lang='lat'><strong>.</strong></span> <span class='ocrx_word' id='word_1_95' title='bbox 132 2419 235 2478; x_wconf 74' lang='lat' dir='ltr'>tibulli,</span> <span class='ocrx_word' id='word_1_96' title='bbox 264 2419 369 2480; x_wconf 76' lang='lat' dir='ltr'>Catulli,</span> <span class='ocrx_word' id='word_1_97' title='bbox 398 2421 518 2485; x_wconf 73' lang='lat' dir='ltr'>Propertii</span> <span class='ocrx_word' id='word_1_98' title='bbox 543 2435 596 2470; x_wconf 81' lang='lat' dir='ltr'>euru</span> <span class='ocrx_word' id='word_1_99' title='bbox 622 2436 703 2470; x_wconf 80' lang='lat' dir='ltr'>eorum</span> <span class='ocrx_word' id='word_1_100' title='bbox 725 2422 789 2479; x_wconf 85' lang='lat' dir='ltr'>elta,</span> <span class='ocrx_word' id='word_1_101' title='bbox 813 2436 892 2484; x_wconf 90' lang='lat' dir='ltr'>opera.</span> <span class='ocrx_word' id='word_1_102' title='bbox 926 2419 995 2484; x_wconf 77' lang='lat' dir='ltr'>Regii</span> <span class='ocrx_word' id='word_1_103' title='bbox 1016 2417 1114 2484; x_wconf 82' lang='lat' dir='ltr'>Lepidi,</span> 
     </span>
     <span class='ocr_line' id='line_1_16' title="bbox 129 2501 1113 2567; baseline 0.001 -19"><span class='ocrx_word' id='word_1_104' title='bbox 129 2501 171 2551; x_wconf 89' lang='lat' dir='ltr'>Pr.</span> <span class='ocrx_word' id='word_1_105' title='bbox 191 2501 320 2552; x_wconf 75' lang='lat' dir='ltr'>Odourdur</span> <span class='ocrx_word' id='word_1_106' title='bbox 335 2507 360 2552; x_wconf 82' lang='lat' dir='ltr'>et</span> <span class='ocrx_word' id='word_1_107' title='bbox 375 2502 430 2551; x_wconf 83' lang='lat' dir='ltr'><em>All.</em></span> <span class='ocrx_word' id='word_1_108' title='bbox 448 2501 548 2552; x_wconf 83' lang='lat' dir='ltr'>Murali.</span> <span class='ocrx_word' id='word_1_109' title='bbox 581 2502 609 2552; x_wconf 88' lang='lat' dir='ltr'>In</span> <span class='ocrx_word' id='word_1_110' title='bbox 627 2502 667 2552; x_wconf 85' lang='lat' dir='ltr'>tol.</span> <span class='ocrx_word' id='word_1_111' title='bbox 685 2503 729 2552; x_wconf 78' lang='lat' dir='ltr'>Ed.</span> <span class='ocrx_word' id='word_1_112' title='bbox 749 2501 855 2567; x_wconf 79' lang='lat' dir='ltr'>Rhegion</span> <span class='ocrx_word' id='word_1_113' title='bbox 871 2501 972 2553; x_wconf 69' lang='lat' dir='ltr'>maxime</span> <span class='ocrx_word' id='word_1_114' title='bbox 989 2501 1097 2552; x_wconf 74' lang='lat' dir='ltr'>laudetur</span> <span class='ocrx_word' id='word_1_115' title='bbox 1106 2519 1113 2557; x_wconf 87' lang='lat'>;</span> 
     </span>
     <span class='ocr_line' id='line_1_17' title="bbox 129 2584 439 2634; baseline 0 0"><span class='ocrx_word' id='word_1_116' title='bbox 129 2599 179 2634; x_wconf 85' lang='lat' dir='ltr'>eom</span> <span class='ocrx_word' id='word_1_117' title='bbox 196 2584 317 2634; x_wconf 69' lang='lat' dir='ltr'>uunutou</span> <span class='ocrx_word' id='word_1_118' title='bbox 332 2584 439 2634; x_wconf 85' lang='lat' dir='ltr'>Pnooiue.</span> 
     </span>
    </p>

    <p class='ocr_par' dir='ltr' id='par_1_7' title="bbox 94 2664 1115 2978">
     <span class='ocr_line' id='line_1_18' title="bbox 94 2664 1113 2731; baseline 0 -19"><span class='ocrx_word' id='word_1_119' title='bbox 94 2701 98 2712; x_wconf 94' lang='lat'>.</span> <span class='ocrx_word' id='word_1_120' title='bbox 134 2665 252 2724; x_wconf 78' lang='lat' dir='ltr'><em>Tibullus,</em></span> <span class='ocrx_word' id='word_1_121' title='bbox 278 2666 401 2724; x_wconf 77' lang='lat' dir='ltr'><em>Catullus,</em></span> <span class='ocrx_word' id='word_1_122' title='bbox 428 2666 568 2731; x_wconf 74' lang='lat' dir='ltr'>Propertius</span> <span class='ocrx_word' id='word_1_123' title='bbox 589 2671 613 2716; x_wconf 84' lang='lat' dir='ltr'>et</span> <span class='ocrx_word' id='word_1_124' title='bbox 636 2667 710 2716; x_wconf 80' lang='lat' dir='ltr'>Statii</span> <span class='ocrx_word' id='word_1_125' title='bbox 736 2667 820 2717; x_wconf 81' lang='lat' dir='ltr'>Silvae.</span> <span class='ocrx_word' id='word_1_126' title='bbox 848 2664 996 2724; x_wconf 81' lang='lat' dir='ltr'>Vincentioe,</span> <span class='ocrx_word' id='word_1_127' title='bbox 1009 2681 1055 2730; x_wconf 87' lang='lat' dir='ltr'>per</span> <span class='ocrx_word' id='word_1_128' title='bbox 1072 2665 1113 2713; x_wconf 88' lang='lat' dir='ltr'>Jo.</span> 
     </span>
     <span class='ocr_line' id='line_1_19' title="bbox 128 2746 1114 2813; baseline -0.002 -15"><span class='ocrx_word' id='word_1_129' title='bbox 128 2746 261 2798; x_wconf 73' lang='lat' dir='ltr'>Rmeruem</span> <span class='ocrx_word' id='word_1_130' title='bbox 277 2753 301 2797; x_wconf 89' lang='lat' dir='ltr'>et</span> <span class='ocrx_word' id='word_1_131' title='bbox 317 2747 459 2810; x_wconf 74' lang='lat' dir='ltr'>Dionysium</span> <span class='ocrx_word' id='word_1_132' title='bbox 475 2747 629 2798; x_wconf 80' lang='lat' dir='ltr'>Bertoeium.</span> <span class='ocrx_word' id='word_1_133' title='bbox 648 2749 678 2797; x_wconf 92' lang='lat' dir='ltr'>In</span> <span class='ocrx_word' id='word_1_134' title='bbox 694 2748 735 2798; x_wconf 85' lang='lat' dir='ltr'>iol.</span> <span class='ocrx_word' id='word_1_135' title='bbox 754 2750 784 2798; x_wconf 94' lang='lat' dir='ltr'>In</span> <span class='ocrx_word' id='word_1_136' title='bbox 802 2765 828 2798; x_wconf 84' lang='lat' dir='ltr'>eu</span> <span class='ocrx_word' id='word_1_137' title='bbox 845 2750 946 2798; x_wconf 83' lang='lat' dir='ltr'>loannes</span> <span class='ocrx_word' id='word_1_138' title='bbox 956 2747 1114 2813; x_wconf 80' lang='lat' dir='ltr'>Ceiphurniuu</span> 
     </span>
     <span class='ocr_line' id='line_1_20' title="bbox 129 2829 1115 2895; baseline -0.001 -16"><span class='ocrx_word' id='word_1_139' title='bbox 129 2831 176 2895; x_wconf 87' lang='lat' dir='ltr'>(qui</span> <span class='ocrx_word' id='word_1_140' title='bbox 200 2830 247 2879; x_wconf 92' lang='lat' dir='ltr'>dno</span> <span class='ocrx_word' id='word_1_141' title='bbox 272 2829 375 2878; x_wconf 82' lang='lat' dir='ltr'>earmina</span> <span class='ocrx_word' id='word_1_142' title='bbox 400 2845 442 2878; x_wconf 79' lang='lat' dir='ltr'>uua</span> <span class='ocrx_word' id='word_1_143' title='bbox 466 2829 580 2880; x_wconf 83' lang='lat' dir='ltr'>volumini</span> <span class='ocrx_word' id='word_1_144' title='bbox 601 2830 708 2892; x_wconf 75' lang='lat' dir='ltr'>inseruit)</span> <span class='ocrx_word' id='word_1_145' title='bbox 731 2830 845 2895; x_wconf 82' lang='lat' dir='ltr'>gloriatur</span> <span class='ocrx_word' id='word_1_146' title='bbox 861 2829 984 2880; x_wconf 81' lang='lat' dir='ltr'>editionem</span> <span class='ocrx_word' id='word_1_147' title='bbox 1001 2829 1115 2878; x_wconf 78' lang='lat' dir='ltr'>Venetam</span> 
     </span>
     <span class='ocr_line' id='line_1_21' title="bbox 129 2912 1114 2978; baseline -0.001 -16"><span class='ocrx_word' id='word_1_148' title='bbox 129 2916 184 2974; x_wconf 81' lang='lat' dir='ltr'>(non</span> <span class='ocrx_word' id='word_1_149' title='bbox 211 2912 244 2961; x_wconf 85' lang='lat' dir='ltr'>ait</span> <span class='ocrx_word' id='word_1_150' title='bbox 267 2914 347 2961; x_wconf 82' lang='lat' dir='ltr'>utrum</span> <span class='ocrx_word' id='word_1_151' title='bbox 373 2912 473 2977; x_wconf 82' lang='lat' dir='ltr'>primum</span> <span class='ocrx_word' id='word_1_152' title='bbox 499 2929 529 2962; x_wconf 87' lang='lat' dir='ltr'>un</span> <span class='ocrx_word' id='word_1_153' title='bbox 555 2912 661 2976; x_wconf 84' lang='lat' dir='ltr'>ultorum)</span> <span class='ocrx_word' id='word_1_154' title='bbox 679 2913 847 2973; x_wconf 79' lang='lat' dir='ltr'>emendatione,</span> <span class='ocrx_word' id='word_1_155' title='bbox 869 2912 976 2978; x_wconf 79' lang='lat' dir='ltr'>doletque</span> <span class='ocrx_word' id='word_1_156' title='bbox 992 2927 1114 2978; x_wconf 86' lang='lat' dir='ltr'>operarum</span> 
     </span>
    </p>

    <p class='ocr_par' dir='ltr' id='par_1_8' title="bbox 18 2992 565 3058">
     <span class='ocr_line' id='line_1_22' title="bbox 18 2992 565 3058; baseline -0.004 -12"><span class='ocrx_word' id='word_1_157' title='bbox 18 3023 19 3046; x_wconf 57' lang='lat' dir='ltr'>r</span> <span class='ocrx_word' id='word_1_158' title='bbox 127 2993 184 3042; x_wconf 84' lang='lat' dir='ltr'>vitio</span> <span class='ocrx_word' id='word_1_159' title='bbox 200 2992 306 3043; x_wconf 89' lang='lat' dir='ltr'>laborem</span> <span class='ocrx_word' id='word_1_160' title='bbox 323 3009 392 3042; x_wconf 82' lang='lat' dir='ltr'>sunm</span> <span class='ocrx_word' id='word_1_161' title='bbox 409 2993 565 3058; x_wconf 80' lang='lat' dir='ltr'>inquinatum.</span> 
     </span>
    </p>

    <p class='ocr_par' dir='ltr' id='par_1_9' title="bbox 18 3065 1112 3222">
     <span class='ocr_line' id='line_1_23' title="bbox 18 3065 1112 3148; baseline 0.001 -24"><span class='ocrx_word' id='word_1_162' title='bbox 18 3065 20 3148; x_wconf 50' lang='grc' dir='ltr'>ζ</span> <span class='ocrx_word' id='word_1_163' title='bbox 92 3111 97 3122; x_wconf 93' lang='grc'>.</span> <span class='ocrx_word' id='word_1_164' title='bbox 127 3074 254 3141; x_wconf 79' lang='lat' dir='ltr'>Propertii</span> <span class='ocrx_word' id='word_1_165' title='bbox 269 3076 398 3140; x_wconf 78' lang='lat' dir='ltr'>elepiurum</span> <span class='ocrx_word' id='word_1_166' title='bbox 416 3076 486 3135; x_wconf 77' lang='lat' dir='ltr'>libri,</span> <span class='ocrx_word' id='word_1_167' title='bbox 502 3077 586 3126; x_wconf 81' lang='lat' dir='ltr'>edente</span> <span class='ocrx_word' id='word_1_168' title='bbox 602 3078 659 3127; x_wconf 82' lang='lat' dir='ltr'>Aut.</span> <span class='ocrx_word' id='word_1_169' title='bbox 683 3078 773 3128; x_wconf 81' lang='lat' dir='ltr'>Volero.</span> <span class='ocrx_word' id='word_1_170' title='bbox 800 3079 901 3138; x_wconf 84' lang='lat' dir='ltr'>Romae,</span> <span class='ocrx_word' id='word_1_171' title='bbox 925 3077 1004 3126; x_wconf 80' lang='lat' dir='ltr'>Euri.</span> <span class='ocrx_word' id='word_1_172' title='bbox 1028 3075 1112 3126; x_wconf 76' lang='lat' dir='ltr'>Siller.</span> 
     </span>
     <span class='ocr_line' id='line_1_24' title="bbox 127 3156 665 3222; baseline 0.007 -16"><span class='ocrx_word' id='word_1_173' title='bbox 127 3157 208 3206; x_wconf 82' lang='lat' dir='ltr'>Altera</span> <span class='ocrx_word' id='word_1_174' title='bbox 224 3156 294 3206; x_wconf 87' lang='lat' dir='ltr'>editio</span> <span class='ocrx_word' id='word_1_175' title='bbox 311 3156 398 3222; x_wconf 85' lang='lat' dir='ltr'>prodiit</span> <span class='ocrx_word' id='word_1_176' title='bbox 416 3157 519 3206; x_wconf 81' lang='lat' dir='ltr'>venetiis</span> <span class='ocrx_word' id='word_1_177' title='bbox 537 3173 573 3207; x_wconf 85' lang='lat' dir='ltr'>un.</span> <span class='ocrx_word' id='word_1_178' title='bbox 593 3159 665 3210; x_wconf 80' lang='grc'>1487.</span> 
     </span>
    </p>

    <p class='ocr_par' dir='ltr' id='par_1_10' title="bbox 18 3229 1113 3784">
     <span class='ocr_line' id='line_1_25' title="bbox 18 3229 1113 3304; baseline 0.005 -17"><span class='ocrx_word' id='word_1_179' title='bbox 18 3229 19 3234; x_wconf 52' lang='grc'>’</span> <span class='ocrx_word' id='word_1_180' title='bbox 91 3275 96 3285; x_wconf 93' lang='grc'>.</span> <span class='ocrx_word' id='word_1_181' title='bbox 131 3239 254 3298; x_wconf 72' lang='lat' dir='ltr'>tibullus,</span> <span class='ocrx_word' id='word_1_182' title='bbox 281 3239 406 3297; x_wconf 74' lang='lat' dir='ltr'><em>Catullus,</em></span> <span class='ocrx_word' id='word_1_183' title='bbox 424 3239 564 3304; x_wconf 72' lang='lat' dir='ltr'>Propertius</span> <span class='ocrx_word' id='word_1_184' title='bbox 581 3245 626 3290; x_wconf 85' lang='lat' dir='ltr'>ete.</span> <span class='ocrx_word' id='word_1_185' title='bbox 644 3257 696 3290; x_wconf 83' lang='lat' dir='ltr'>eurr</span> <span class='ocrx_word' id='word_1_186' title='bbox 713 3242 886 3291; x_wconf 82' lang='lat' dir='ltr'>oommeutariit</span> <span class='ocrx_word' id='word_1_187' title='bbox 902 3242 970 3292; x_wconf 83' lang='lat' dir='ltr'>Plil.</span> <span class='ocrx_word' id='word_1_188' title='bbox 986 3241 1113 3292; x_wconf 77' lang='lat' dir='ltr'>Beroaldi.</span> 
     </span>
     <span class='ocr_line' id='line_1_26' title="bbox 128 3320 1112 3389; baseline 0.005 -22"><span class='ocrx_word' id='word_1_189' title='bbox 128 3320 240 3370; x_wconf 82' lang='lat' dir='ltr'>Venetiis.</span> <span class='ocrx_word' id='word_1_190' title='bbox 264 3321 375 3370; x_wconf 83' lang='lat' dir='ltr'>infolio.</span> <span class='ocrx_word' id='word_1_191' title='bbox 393 3320 423 3369; x_wconf 89' lang='lat' dir='ltr'>In</span> <span class='ocrx_word' id='word_1_192' title='bbox 440 3323 486 3370; x_wconf 87' lang='lat' dir='ltr'>fine</span> <span class='ocrx_word' id='word_1_193' title='bbox 503 3320 601 3386; x_wconf 81' lang='lat' dir='ltr'>legitur:</span> <span class='ocrx_word' id='word_1_194' title='bbox 622 3323 790 3374; x_wconf 78' lang='lat' dir='ltr'>Commentarii</span> <span class='ocrx_word' id='word_1_195' title='bbox 806 3326 832 3374; x_wconf 85' lang='lat' dir='ltr'>iu</span> <span class='ocrx_word' id='word_1_196' title='bbox 850 3324 1001 3389; x_wconf 84' lang='lat' dir='ltr'>Propertium</span> <span class='ocrx_word' id='word_1_197' title='bbox 1018 3339 1034 3372; x_wconf 89' lang='lat' dir='ltr'>u</span> <span class='ocrx_word' id='word_1_198' title='bbox 1050 3323 1112 3372; x_wconf 83' lang='lat' dir='ltr'>Plri-</span> 
     </span>
     <span class='ocr_line' id='line_1_27' title="bbox 129 3402 1113 3472; baseline 0.006 -21"><span class='ocrx_word' id='word_1_199' title='bbox 129 3403 191 3468; x_wconf 85' lang='lat' dir='ltr'>lippo</span> <span class='ocrx_word' id='word_1_200' title='bbox 213 3403 336 3454; x_wconf 78' lang='lat' dir='ltr'>Beroaldo</span> <span class='ocrx_word' id='word_1_201' title='bbox 354 3402 415 3452; x_wconf 82' lang='lat' dir='ltr'>editi</span> <span class='ocrx_word' id='word_1_202' title='bbox 431 3418 494 3452; x_wconf 80' lang='lat' dir='ltr'>auno</span> <span class='ocrx_word' id='word_1_203' title='bbox 511 3405 598 3454; x_wconf 77' lang='lat' dir='ltr'>solutio</span> <span class='ocrx_word' id='word_1_204' title='bbox 617 3405 697 3465; x_wconf 78' lang='lat'><em>1485,</em></span> <span class='ocrx_word' id='word_1_205' title='bbox 721 3407 827 3472; x_wconf 69' lang='lat' dir='ltr'>impressi</span> <span class='ocrx_word' id='word_1_206' title='bbox 845 3423 899 3457; x_wconf 85' lang='lat' dir='ltr'>uero</span> <span class='ocrx_word' id='word_1_207' title='bbox 916 3406 1034 3457; x_wconf 79' lang='lat' dir='ltr'>Bononiae</span> <span class='ocrx_word' id='word_1_208' title='bbox 1051 3422 1113 3456; x_wconf 83' lang='lat' dir='ltr'>anuo</span> 
     </span>
     <span class='ocr_line' id='line_1_28' title="bbox 130 3484 1112 3540; baseline 0.006 -8"><span class='ocrx_word' id='word_1_209' title='bbox 130 3484 192 3534; x_wconf 73' lang='lat'>1487</span> <span class='ocrx_word' id='word_1_210' title='bbox 217 3487 244 3534; x_wconf 78' lang='lat' dir='ltr'>iu</span> <span class='ocrx_word' id='word_1_211' title='bbox 263 3500 383 3536; x_wconf 74' lang='lat' dir='ltr'>commuue</span> <span class='ocrx_word' id='word_1_212' title='bbox 399 3501 415 3534; x_wconf 87' lang='lat' dir='ltr'><strong><em>a</em></strong></span> <span class='ocrx_word' id='word_1_213' title='bbox 431 3486 564 3536; x_wconf 82' lang='lat' dir='ltr'>Beuedioto</span> <span class='ocrx_word' id='word_1_214' title='bbox 581 3487 692 3538; x_wconf 75' lang='lat' dir='ltr'>Hectoris</span> <span class='ocrx_word' id='word_1_215' title='bbox 708 3489 809 3538; x_wconf 84' lang='lat' dir='ltr'>librario</span> <span class='ocrx_word' id='word_1_216' title='bbox 825 3494 849 3538; x_wconf 84' lang='lat' dir='ltr'>et</span> <span class='ocrx_word' id='word_1_217' title='bbox 866 3488 974 3539; x_wconf 74' lang='lat' dir='ltr'>Plutone</span> <span class='ocrx_word' id='word_1_218' title='bbox 990 3490 1020 3539; x_wconf 83' lang='lat' dir='ltr'>de</span> <span class='ocrx_word' id='word_1_219' title='bbox 1035 3489 1112 3540; x_wconf 84' lang='lat' dir='ltr'>Beue-</span> 
     </span>
     <span class='ocr_line' id='line_1_29' title="bbox 130 3567 1111 3632; baseline 0.006 -18"><span class='ocrx_word' id='word_1_220' title='bbox 130 3568 200 3617; x_wconf 77' lang='lat' dir='ltr'>dietis</span> <span class='ocrx_word' id='word_1_221' title='bbox 217 3568 355 3632; x_wconf 82' lang='lat' dir='ltr'>imprerrore</span> <span class='ocrx_word' id='word_1_222' title='bbox 369 3567 536 3628; x_wconf 61' lang='lat' dir='ltr'>solertiorimm</span> <span class='ocrx_word' id='word_1_223' title='bbox 554 3568 643 3618; x_wconf 71' lang='lat' dir='ltr'>eioibm</span> <span class='ocrx_word' id='word_1_224' title='bbox 660 3570 857 3621; x_wconf 73' lang='lat' dir='ltr'>Bononieneilur.</span> <span class='ocrx_word' id='word_1_225' title='bbox 891 3571 972 3621; x_wconf 77' lang='lat' dir='ltr'>Altero</span> <span class='ocrx_word' id='word_1_226' title='bbox 995 3570 1111 3629; x_wconf 76' lang='lat' dir='ltr'>venetiis,</span> 
     </span>
     <span class='ocr_line' id='line_1_30' title="bbox 132 3648 1113 3718; baseline 0.004 -22"><span class='ocrx_word' id='word_1_227' title='bbox 132 3649 208 3706; x_wconf 84' lang='grc'>1493;</span> <span class='ocrx_word' id='word_1_228' title='bbox 232 3648 302 3700; x_wconf 82' lang='lat' dir='ltr'>tertia</span> <span class='ocrx_word' id='word_1_229' title='bbox 324 3648 428 3700; x_wconf 82' lang='lat' dir='ltr'>Venetiie</span> <span class='ocrx_word' id='word_1_230' title='bbox 452 3649 529 3708; x_wconf 69' lang='lat'><em>1494,</em></span> <span class='ocrx_word' id='word_1_231' title='bbox 556 3654 641 3716; x_wconf 78' lang='lat' dir='ltr'>quanto</span> <span class='ocrx_word' id='word_1_232' title='bbox 664 3653 768 3702; x_wconf 76' lang='lat' dir='ltr'>venetiis</span> <span class='ocrx_word' id='word_1_233' title='bbox 787 3652 865 3714; x_wconf 80' lang='lat'>1500,</span> <span class='ocrx_word' id='word_1_234' title='bbox 888 3669 945 3718; x_wconf 75' lang='lat' dir='ltr'>quoe</span> <span class='ocrx_word' id='word_1_235' title='bbox 963 3652 1113 3718; x_wconf 79' lang='lat' dir='ltr'>Cylloenieno</span> 
     </span>
     <span class='ocr_line' id='line_1_31' title="bbox 132 3735 234 3784; baseline 0.029 -4"><span class='ocrx_word' id='word_1_236' title='bbox 132 3735 234 3784; x_wconf 76' lang='lat' dir='ltr'>uocatur.</span> 
     </span>
    </p>
   </div>
   <div class='ocr_carea' id='block_1_4' title="bbox 0 0 1329 4400">
    <p class='ocr_par' dir='ltr' id='par_1_11' title="bbox 0 0 1329 4400">
     <span class='ocr_line' id='line_1_32' title="bbox 0 0 1329 4400; baseline 0 0"><span class='ocrx_word' id='word_1_237' title='bbox 0 0 1329 4400; x_wconf 95' lang='lat' dir='ltr'> </span> 
     </span>
    </p>
   </div>
  </div>
 </body>
</html>
