2640 4400
567 355 587 416 c

69 527 103 578 12.
133 529 207 579 Gron.
224 530 248 578 et
264 527 461 593 eud.vn1g.noe
476 526 616 594 cipiluoda3
642 530 743 580 Paccius
759 529 849 581 semus:
867 545 915 582 noc
930 532 1059 594 νὲοἱαοιᾰα,
1077 547 1124 583 nox

43 627 90 677 ques
103 612 233 664 violabitur.

69 716 102 766 1³.
133 717 192 767 lldd.
208 715 428 782 vnlg.colcitmoc;
445 720 470 767 at
486 718 559 768 Gron.
573 718 645 768 sulm
652 735 707 769 sor.
725 718 933 770 NotetJecobius:
944 719 1029 786 quibus
1037 720 1123 783 libido,

43 813 80 848 non
98 799 186 849 foedera
208 799 267 860 fids,
292 799 404 866 imposuit
425 799 532 860 vincula,
562 801 593 850 iis
613 815 672 860 nox,
695 801 766 852 unice
788 802 872 868 ganda
896 803 973 854 coctis
999 805 1123 866 exhausta,

43 881 121 931 oucule
135 881 215 932 solvit.

70 985 104 1034 15.
135 985 289 1035 Actae-arae.
307 985 381 1034 tiron.
399 984 477 1034 codex
494 985 620 1035 Passeratii
638 991 723 1036 tactae.
741 986 835 1053 Reliqui
839 993 934 1053 pactae.
950 989 1055 1054 Tangere
1069 1005 1122 1040 aras

44 1067 130 1118 solemne
145 1072 196 1118 erat
212 1067 274 1134 apud
290 1069 391 1117 retorem
409 1083 517 1133 rumpere
534 1083 586 1116 aras
602 1069 629 1117 iu
644 1069 736 1118 ioculare
748 1070 1013 1134 pacturcticsediotnm
1021 1071 1122 1125 videtur.

70 1173 104 1224 19.
135 1174 208 1224 Gron.
221 1172 348 1238 patefacta
352 1194 363 1230 ,·
380 1172 464 1239 reliqui
478 1173 603 1240 patrptasst.

388 1421 762 1492 ELEGIAIV.

457 1578 583 1626 Pulcra
605 1577 693 1624 Nox.

267 1695 349 1760 (Oodd.
368 1696 414 1757 14,
431 1698 514 1747 Burm.
532 1697 577 1756 12,
597 1697 639 1755 11;
657 1697 754 1746 Lachm.
772 1697 801 1756 6,
819 1697 883 1759 ΙΙΙ.)

69 1855 143 1904 Amica
157 1855 260 1921 potitus,
277 1853 360 1918 gaudio
378 1853 465 1912 elatus,
483 1853 572 1919 primae
587 1853 663 1903 nocfis
679 1852 810 1919 voluptates
827 1855 915 1903 namet.
932 1853 969 1902 Ad
982 1853 1089 1903 Primum

98 1937 192 1986 Librum
209 1936 322 2003 pertinet,
345 1952 392 1984 non
410 1936 438 1984 ad
455 1935 598 1993 Secundum,
624 1935 648 1983 in
666 1951 712 1999 quo
730 1934 803 1999 elegia
820 1935 857 1983 IX
875 1935 972 1984 alteram
988 1934 1089 2000 primum

97 2023 198 2079 nodam,
216 2021 340 2085 postquem
357 2017 480 2067 discidium
496 2021 520 2067 et
536 2015 615 2082 iniqui
624 2018 708 2082 factus
725 2019 795 2066 finem
811 2016 953 2076 habuerant,
970 2016 1087 2066 describit.

148 2174 173 2238 0
193 2193 240 2236 me
260 2175 391 2236 felicem!
412 2193 430 2237 o
449 2193 509 2235 nox
528 2174 601 2234 mihi
622 2172 765 2234 candide!
787 2175 817 2232 et
836 2190 854 2234 o
874 2175 908 2232 tu

186 2280 324 2359 Lectule,
345 2279 460 2339 deliciis
480 2276 558 2338 fecte
578 2277 665 2336 beate
686 2276 776 2336 meisi

147 2382 204 2443 ille
224 2399 304 2444 meos
325 2399 425 2442 somno
445 2382 545 2458 lapsos
564 2379 706 2457 patefecit
726 2379 833 2439 ocellos

186 2482 244 2545 Ore
265 2501 333 2563 suo,
354 2487 385 2543 et
405 2483 497 2542 dixit:
518 2480 634 2542 Siccine
654 2482 734 2541 lente
755 2479 861 2557 jaces?

148 2585 243 2662 Quem
262 2587 345 2647 vario
365 2589 504 2664 amplexu
523 2589 670 2645 mutamus
689 2583 827 2644 brechia!
849 2586 992 2660 quantum
1104 2583 1122 2642 5

188 2687 296 2751 Oscula
317 2691 385 2750 sunt
404 2687 495 2748 labris
516 2690 616 2746 nostra
635 2689 749 2745 morata
769 2684 845 2745 tuis!

150 2790 245 2867 Quem
264 2791 356 2850 multa
377 2789 512 2866 adposita
531 2806 684 2848 narremus
704 2787 795 2846 verbe
815 2787 952 2848 lucernal

189 2893 365 2969 Quantaque
385 2892 500 2952 sublato
520 2891 630 2952 lumino
650 2890 717 2950 rixa
737 2888 808 2948 fuiti

149 2997 226 3058 Nem
246 2995 332 3056 modo
351 2995 469 3055 nudatis
489 3011 603 3054 mecum
624 2996 670 3054 est
689 2995 801 3053 luctata
821 2990 956 3070 papillis3

188 3097 338 3158 Interdum
358 3097 458 3157 tunica
477 3096 563 3158 duxit
582 3099 685 3173 operta
705 3113 824 3156 morem.
1086 3093 1125 3152 10

149 3189 216 3263 Non
230 3200 318 3278 juvat
338 3199 369 3258 in
389 3215 475 3260 caeco
496 3198 642 3259 Venerem
663 3213 847 3273 corrumpere
867 3198 964 3282 motu:

190 3303 354 3380 sinuosis,
376 3301 453 3362 oculi
473 3305 542 3361 sunt
562 3302 593 3360 in
614 3317 713 3360 amore
734 3299 834 3360 duces.

151 3408 217 3488 Ipse
238 3405 323 3466 Paris
343 3405 423 3464 nude
443 3404 534 3464 fertur
553 3403 678 3480 periisse
698 3402 854 3481 Lacaena,

191 3510 264 3571 Cum
284 3509 436 3569 Menelaeo
457 3513 589 3584 surgeret
609 3525 626 3567 e
646 3506 785 3567 thalamo.

153 3615 256 3676 Nudus
277 3617 308 3676 et
327 3612 495 3690 Endymion
515 3611 627 3671 Phoebi
647 3611 761 3688 cepisse
781 3626 909 3670 sororem
1086 3605 1125 3667 15

193 3717 322 3797 Dicitur,
344 3720 374 3778 et
393 3715 491 3778 nudae
512 3715 702 3777 concubuisse
723 3715 805 3774 deae.
