2642 4396
159 545 263 608 Altera
283 546 387 608 classis
408 551 472 608 erat
491 547 607 610 'I'eucro
628 547 769 610 damnata
788 545 928 629 Quirino,

199 650 325 728 Pilaque
344 650 472 713 feminea
491 653 617 730 turpiter
637 657 705 714 acta
723 670 828 715 manu:

156 753 235 816 Hinc
255 752 391 832 Augusta
410 756 484 817 ratis
503 755 600 835 plenis
621 756 705 818 Jovis
726 757 823 818 omine
843 756 936 835 velis,

199 857 350 936 Signaque
365 860 430 938 jam
449 861 564 937 patulae
584 861 703 923 uincere
725 861 813 923 docta
831 877 912 922 suae.

157 959 293 1021 Tandem
314 960 395 1021 acies
414 962 547 1038 geminos
567 963 681 1024 Nereus
702 964 819 1024 lunarat
839 963 871 1023 iu
892 979 992 1041 arcus,
1094 963 1132 1022 25

196 1061 351 1125 Armorum
370 1065 462 1126 radiis
483 1065 562 1142 picta
583 1068 728 1129 tremebat
748 1084 843 1144 aqua:

156 1163 232 1228 (lum
251 1163 404 1247 Phoebus,
424 1168 561 1244 linquens
581 1173 709 1232 etenum
729 1187 762 1230 se
782 1169 900 1231 vindice
921 1167 1037 1248 Delon,

202 1267 293 1350 (Nam
312 1270 382 1330 tulit
401 1270 492 1331 iratos
512 1271 629 1332 mobilis
648 1274 717 1333 ante
738 1269 844 1352 Notos)

160 1372 287 1434 Adstitit
306 1372 435 1451 Augusti
453 1374 576 1452 puppim
597 1393 700 1453 super,
722 1379 752 1436 et
770 1393 849 1436 nova
868 1373 987 1435 flamma

200 1475 292 1536 Luxit
312 1475 343 1536 in
364 1476 514 1552 obliquam
534 1481 578 1537 tcr
598 1477 717 1538 sinuata
736 1477 841 1538 facem.
1096 1474 1136 1534 30

157 1578 226 1640 Non
245 1579 298 1638 ille
319 1579 459 1639 attulerat
479 1579 575 1640 crines
595 1579 627 1639 in
648 1581 725 1640 colla
745 1581 874 1660 solutos,

197 1681 259 1744 Aut
279 1683 463 1744 testudineae
483 1701 602 1744 carmen
622 1684 734 1745 inerme
755 1685 853 1761 lyrae:

159 1784 218 1848 Sed
238 1788 320 1863 quali
341 1787 479 1866 adspexit
499 1788 660 1865 Pelopeum
681 1787 906 1864 Agamemnona
923 1785 1022 1866 vultu,

198 1893 376 1970 digessitque
397 1893 494 1955 avidis
513 1893 623 1955 Dorica
643 1897 740 1954 castra
760 1892 856 1971 regis,

158 1993 220 2056 nuc
240 1997 337 2071 qualis
356 1994 448 2058 flexos
469 1997 558 2058 solvit
578 1994 716 2073 Pythona
736 2013 790 2073 per
810 1995 896 2057 orbes
1094 1991 1133 2052 35

197 2097 386 2180 Serpentem,
407 2100 542 2161 imbelles
562 2117 650 2176 quem
670 2099 794 2159 timuere
813 2099 907 2175 lyrae.

157 2202 227 2265 Mox
247 2203 305 2264 ait:
328 2202 378 2279 „0
397 2206 486 2280 longa
505 2204 607 2264 mundi
626 2206 758 2265 servator
778 2201 817 2262 ab
837 2199 915 2261 Alba

200 2306 374 2387 „Auguste,
395 2307 548 2369 Hectoreis
568 2307 685 2384 cognite
705 2307 800 2384 major
819 2305 903 2383 avis,

160 2407 277 2483 „Vince
297 2410 388 2490 mari3
404 2410 469 2487 jam
489 2414 569 2470 terra
587 2413 640 2470 tua
661 2412 722 2489 est3
742 2408 799 2468 tibi
819 2407 929 2467 militat
949 2422 1053 2484 arcus,

202 2511 267 2587 „Iit
285 2510 366 2572 iavet
386 2529 425 2573 ex
443 2511 573 2574 humeris
593 2510 649 2573 hoc
668 2529 743 2574 onus
762 2527 848 2572 omne
868 2509 953 2571 meis.
1092 2509 1134 2570 40

161 2610 272 2688 „Solve
291 2619 372 2675 metu
390 2615 533 2695 patriam,
555 2632 632 2692 quae
651 2631 730 2676 nuuc
748 2617 779 2674 te
800 2612 918 2674 vindice
937 2611 1015 2674 freta

201 2716 369 2794 „Imposuit
388 2736 491 2796 prorae
510 2718 632 2798 publica
650 2721 721 2779 vota
741 2721 820 2778 tuse.

160 2815 280 2895 „Quam
299 2820 359 2882 nisi
378 2820 534 2902 defendes,
555 2839 702 2884 murorum
722 2819 865 2882 Romulus
884 2835 979 2898 augur

202 2923 270 2999 „Ire
290 2924 442 2988 Palatinas
462 2945 521 2988 uon
540 2926 616 2988 bene
636 2926 714 2987 vidit
732 2943 818 2987 aves.

161 3027 231 3103 „En
251 3029 374 3090 nimium
393 3029 482 3092 remis
503 3031 629 3092 audenti
648 3048 702 3108 pro
722 3033 807 3107 turpe
827 3026 967 3106 Latinos,
1093 3024 1133 3086 45

202 3133 364 3214 „Principe
383 3138 433 3215 te,
453 3134 559 3197 fluctus
578 3133 662 3212 regia
682 3134 751 3196 vela
770 3132 850 3210 petil

163 3235 250 3310 „Nec
269 3240 314 3317 te,
334 3237 414 3315 qnod
434 3239 537 3300 elassis
559 3238 691 3299 centenis
711 3237 836 3313 remiget
857 3233 931 3313 alis,

202 3341 370 3416 „Terreats
389 3342 482 3404 invito
502 3342 612 3403 labitur
632 3342 685 3402 illa
704 3340 789 3401 mari.

162 3442 322 3522 „Quotque
342 3442 453 3507 vehunt
473 3463 577 3523 prorae
597 3443 773 3505 Centaurica
792 3460 866 3504 saxa
885 3441 1048 3502 minantes:

203 3549 327 3626 „Tigna
347 3567 422 3610 cava
442 3553 473 3610 et
492 3550 585 3627 pictos
607 3549 759 3626 experiere
780 3550 885 3608 metus.
1097 3544 1138 3604 50

163 3650 328 3733 „Frangit‚
350 3655 380 3713 et
400 3652 510 3714 attollit
528 3651 608 3712 vires
628 3651 660 3710 in
680 3650 776 3711 milite
796 3667 903 3729 causa3

204 3755 312 3832 „Quae
332 3755 390 3818 nisi
407 3756 491 3834 justa
511 3756 628 3834 subest,
650 3754 761 3816 excutit
781 3772 864 3815 mma
883 3753 986 3831 pudor.
