2624 4398
689 345 748 404 100

290 521 390 599 Atque
409 518 523 582 utinam
543 517 613 582 Nilo
632 521 735 596 pereat
755 534 833 595 quae
853 534 939 582 saera
957 519 1080 596 tepente

329 623 412 685 Misit
430 622 571 684 matronis
592 621 710 682 Inaohis
731 619 889 683 Ausoniis!

290 727 374 804 Quae
393 723 451 788 dea
469 728 531 786 tem
551 724 672 803 cupidos
692 724 780 786 toties
801 724 905 786 divisit
925 727 1077 806 amantes,

330 828 520 905 Quooumque
539 826 593 888 illa
613 826 684 906 init,
705 844 822 905 semper
842 845 945 888 amara
963 827 1028 890 fnit

290 935 339 995 Tu
358 935 438 994 uerte
456 930 541 993 Jovis
561 931 683 992 oeeultis
704 931 921 1012 humoribus,
942 931 996 1017 Io„

330 1035 471 1115 sensisti,
492 1035 600 1096 multas
620 1035 693 1114 quid
713 1035 753 1096 sit
773 1035 849 1098 inire
869 1036 952 1115 vias,

290 1138 363 1201 (ium
380 1143 413 1201 te
428 1139 519 1218 jussit
539 1139 650 1200 hebere
670 1140 802 1219 puellam
822 1157 931 1201 oernua
950 1139 1048 1219 Juno,

328 1243 368 1303 nt
387 1241 501 1321 peeoris
522 1239 595 1302 duro
614 1240 738 1319 perdere
759 1242 851 1303 verbu
871 1261 952 1305 sono.

291 1344 341 1406 Ah
361 1345 475 1421 quoties
495 1343 615 1420 quernis
634 1344 750 1405 laesisti
770 1344 922 1407 frondibus
943 1347 1010 1408 orat

330 1447 468 1509 Mansisti
486 1447 611 1508 stabulis
632 1447 735 1510 abdita
754 1452 841 1527 pasta
861 1450 936 1511 tuisi

292 1551 355 1632 An,
376 1551 513 1628 quoniam
534 1553 681 1626 agrestem
702 1550 830 1612 detraxit
850 1551 889 1612 ob
909 1569 959 1614 ore
979 1550 1104 1629 figuram

330 1652 484 1733 iuppiter,
504 1652 614 1714 ideireo
634 1652 728 1733 faeta,
749 1653 892 1734 superba,
913 1653 971 1716 dea
991 1652 1048 1716 es?

292 1754 341 1816 An
360 1755 417 1816 tibi
435 1773 494 1815 non
514 1755 587 1815 satis
608 1759 654 1816 est
673 1753 763 1817 iusois
784 1753 940 1834 Aegyptus
961 1754 1115 1818 mummio?
1238 1753 1270 1814 15

333 1835 393 1920 Our
412 1858 468 1919 tibi
487 1862 549 1918 tam
569 1858 659 1935 longa
678 1859 773 1920 Roma
792 1859 888 1936 petita
907 1859 982 1921 via?

294 1962 410 2037 Quidve
430 1963 486 2023 tibi
505 1962 623 2040 prodest
642 1962 750 2024 viduas
772 1963 898 2024 dormire
917 1961 1058 2041 puellas?

334 2065 484 2144 esttibi,
505 2065 592 2127 erede
612 2065 699 2146 mihi,
720 2083 828 2127 eornua
848 2084 950 2128 rursus
970 2069 1070 2145 erunt,

295 2167 355 2230 Aut
373 2186 426 2230 noa
447 2186 463 2229 e
483 2172 584 2230 nostra
603 2172 649 2248 te,
671 2187 777 2250 saeva,
797 2169 965 2247 fugabimus
985 2171 1075 2234 urbe:
1303 2135 1304 2138 Ἴ

335 2269 409 2334 Cum
428 2271 532 2333 'liberi
552 2271 622 2332 Nilo
643 2272 740 2348 gratia
759 2274 842 2334 nulla
862 2272 927 2334 fuit.
1237 2272 1272 2333 20

226 2400 251 2450 6.
284 2399 356 2450 Oodd
373 2414 531 2465 quascumque
546 2398 593 2448 ills
602 2398 667 2465 suit.
700 2398 810 2450 Jaoobius
833 2399 947 2466 explieat:
970 2399 1012 2450 sed
1034 2399 1092 2459 ills,
1116 2412 1272 2466 quaeeunque

176 2483 222 2532 init
238 2483 320 2545 (Deam
336 2484 415 2532 autom
430 2497 479 2532 esse
496 2485 575 2546 nego),
593 2497 684 2548 sempor
700 2497 778 2532 amma
793 2483 846 2533 fuit.
879 2482 940 2532 Puto
957 2485 1039 2532 souma
1055 2484 1159 2532 mentem
1177 2483 1269 2549 meite,

177 2565 218 2631 qui
240 2563 327 2615 Isidem
348 2579 401 2613 vere
423 2563 490 2612 deum
511 2565 609 2614 fatetur:
633 2582 695 2630 quoe
716 2566 761 2616 dea
784 2571 834 2616 tam
856 2565 954 2630 cupidos
970 2565 1040 2616 toties
1056 2563 1141 2614 divisit
1156 2567 1270 2614 anates.

177 2643 359 2709 Hertabergius:
388 2647 590 2709 -qnmteeumque
615 2646 647 2696 sit
671 2661 710 2704 ea,
735 2645 773 2695 vol
799 2645 962 2712 qualicumque
981 2646 1070 2695 honore
1092 2644 1156 2695 inter
1178 2645 1272 2698 nmine

177 2715 645 2791 fruatur.·*Verumsitnonestinsuit.
670 2726 835 2777 Lachmannns
843 2726 968 2777 infeliciter
976 2725 1089 2777 correxit:
1109 2726 1271 2794 Quaecunque

176 2810 224 2860 tua
233 2808 313 2875 sosii,
329 2823 418 2870 semper
434 2825 519 2858 amora
529 2807 609 2873 sosii.
635 2809 738 2874 Rsposui
756 2824 915 2875 quocumque‚·
932 2809 971 2860 oui
988 2807 1113 2876 respondet
1128 2825 1213 2860 versus
1231 2811 1271 2860 16:

179 2894 229 2944 Cur
244 2891 289 2942 tihi
304 2895 354 2941 tam
370 2893 442 2956 leupo
461 2891 531 2941 doma
542 2890 622 2956 petita
637 2890 697 2940 oia?
713 2893 738 2940 et
754 2906 778 2940 r.
795 2891 811 2940 3
828 2893 852 2940 et
867 2889 897 2941 4=
916 2891 973 2941 Nilo
990 2895 1082 2958 tepente
1098 2891 1171 2942 Misit
1184 2897 1270 2943 ndro-

178 2973 217 3023 m's
232 2972 333 3023 Inachis
348 2971 468 3022 Ausoniis.
503 2970 607 3021 Verbum
628 2987 677 3021 esse
693 2985 736 3038 pro
753 2971 833 3021 seruire
850 2975 978 3038 usurpatur
993 2987 1040 3022 non
1055 2987 1069 3022 a
1083 2972 1160 3038 poetis
1175 2975 1271 3022 tanturn

181 3054 274 3108 Certior
281 3055 354 3123 fieret
367 3071 413 3121 quo
427 3055 467 3106 die
479 3055 506 3105 sis
519 3056 676 3104 iiuwlauum
689 3069 760 3104 ussus
769 3055 884 3120 fleturum
895 3054 978 3104 scribit
987 3055 1070 3105 Oioero
1079 3054 1108 3104 sd
1116 3054 1170 3104 Ait.
1179 3055 1234 3114 XV,
1243 3053 1269 3112 42

180 3137 221 3188 ubi
242 3137 295 3187 ride
316 3135 395 3187 Bootii
415 3136 594 3186 adnotationem.
629 3136 691 3185 Item
707 3136 843 3196 Suetonius,
862 3137 915 3188 Oet.
934 3137 980 3187 162
997 3135 1124 3203 scepsius
1140 3133 1270 3187 euersum

180 3236 210 3272 as
225 3219 339 3269 militibus
355 3219 382 3268 in
398 3223 545 3284 susspectum
556 3217 645 3283 fuisse.

214 3311 253 3360 11.
288 3309 386 3374 Quoties
399 3307 524 3358 durissimo
538 3305 590 3356 oibo
603 3322 628 3357 os
642 3309 710 3357 tuum
722 3307 858 3360 maoerastii
878 3308 960 3374 Quid?
974 3312 1014 3367 tn,
1024 3324 1085 3358 nunu
1094 3304 1192 3375 superbe
1202 3305 1270 3358 eides

179 3391 254 3449 mota,
270 3390 376 3440 mansisti
393 3389 472 3439 abdita
485 3392 509 3438 et
522 3392 589 3454 pasta
608 3389 634 3438 in
653 3389 765 3441 stabulis!
803 3391 923 3441 Orationis
936 3391 1048 3456 junctura
1064 3406 1111 3441 non
1127 3393 1164 3441 est
1179 3388 1269 3460 moun,

179 3471 330 3524 nihilominus
346 3471 462 3538 scriptura
476 3470 614 3534 conjecturis
628 3487 674 3521 nou
687 3473 797 3522 vexanda.
815 3473 841 3522 si
850 3472 936 3539 aliquid
945 3474 1083 3524 mutandum
1091 3471 1266 3538 mset,legsrsm

180 3568 234 3603 oum
251 3551 350 3603 Heinsio
366 3551 479 3602 Mausisti
495 3557 519 3602 et
534 3552 642 3603 stabulis.
675 3555 779 3604 Aenman
796 3554 891 3604 solitum
907 3555 1007 3605 deseruit
1024 3555 1217 3615 semmurum,
1232 3549 1267 3621 ψ’

181 3636 276 3687 laedere
291 3650 335 3686 ora
344 3634 480 3700 frondibus
495 3635 591 3700 quernis
607 3634 732 3688 obsoennm
747 3638 773 3687 in
789 3653 883 3688 sensum
898 3637 980 3688 traxit.

214 3725 255 3775 19.
288 3724 359 3775 Saura
376 3723 452 3774 leison
468 3725 545 3774 Romu
561 3723 635 3788 ejecta
649 3726 754 3787 fuerant,
772 3726 854 3778 deinde
869 3727 985 3778 restituta.
1092 3779 1097 3786 ,
