2624 4398
703 376 743 434 52

210 552 252 604 36.
286 550 318 602 In
335 548 408 601 Codd
426 548 566 613 sequuntur:

392 630 497 681 Caesaris
513 631 570 679 haec
586 628 662 679 virtus
679 632 702 678 et
719 627 794 693 gloria
811 629 916 680 Caesaris
932 630 989 681 haec
1005 634 1054 681 eet:

423 713 482 772 Illa,
501 728 547 778 qua
562 711 632 770 vicit,
650 711 752 760 condidit
769 727 834 761 arms
849 728 928 762 manu.

209 799 299 859 Nemo,
318 797 372 848 licet
394 812 473 846 ornnes
494 795 613 844 machinas
636 793 756 853 adhibeat,
782 794 864 844 efficiet
884 797 912 844 ut
935 794 960 843 hi
977 809 1056 844 versus
1074 792 1190 844 orationis
1211 791 1283 842 nexui

174 884 291 947 aptentur.
324 879 464 945 Exemplum
488 877 565 943 turpis
587 875 673 926 amoris
696 876 811 926 Antonius
835 876 943 942 praebet;
974 875 1079 926 Caesaris
1100 891 1158 926 vero
1182 874 1282 932 landes,

176 963 281 1012 Caesaris
303 977 368 1012 arma
391 961 420 1010 ed
442 975 492 1010 rem
514 959 609 1009 minime
625 959 722 1010 faciunt.
755 959 852 1009 Accedit
868 959 929 1024 quod
946 960 1122 1009 minervarum
1140 958 1171 1008 ab
1191 958 1282 1008 Ouidio

174 1046 248 1112 repeti
263 1048 356 1113 potest,
382 1044 436 1094 Am.
454 1043 528 1102 1,22

455 1124 542 1190 Aspice
557 1125 654 1189 coemit
662 1125 752 1191 felicia
770 1124 880 1174 caeraris
897 1140 977 1174 arma.-

489 1207 542 1261 Qua
557 1205 641 1265 mucii,
658 1205 733 1257 victu
744 1206 852 1272 proiecit
867 1207 910 1256 illc
925 1223 1005 1256 mauu

205 1297 247 1347 40.
282 1296 355 1346 Codd.
366 1297 508 1364 fiet·aqua;
526 1295 630 1360 Scaliger
646 1297 749 1346 correxit
759 1297 818 1362 fiat.
840 1296 898 1346 rtet
914 1294 1026 1360 singulari
1041 1310 1155 1356 numero,
1171 1298 1204 1346 ut
1222 1295 1281 1346 illud

174 1379 348 1429 Terentianum:
366 1378 498 1427 amantium
515 1377 568 1426 irae
583 1378 755 1443 redinteyratio
773 1378 861 1428 amoris
877 1383 920 1428 ert.

209 1471 250 1520 41.
285 1470 340 1519 Hoc
357 1468 473 1518 distichon
490 1468 563 1518 Codd.
580 1469 687 1518 inserunt
703 1472 758 1535 post
775 1485 799 1518 v.
816 1469 857 1518 24.

207 1558 248 1608 42.
283 1556 395 1624 Eriphyle
412 1573 480 1607 aureo
497 1558 579 1608 monili
593 1575 607 1607 a
620 1559 733 1623 Polynice
740 1561 850 1624 corrupta
857 1558 970 1607 maritum
978 1557 1150 1623 Amphiaraum
1158 1559 1282 1624 prodidil;

174 1645 256 1690 contra
273 1641 360 1689 Creusa
375 1631 471 1688 innoxia
488 1639 574 1688 exarsit
590 1639 657 1689 donis
672 1655 686 1688 a
700 1641 783 1688 Medea
792 1639 878 1690 missis:
889 1639 949 1688 dona
956 1640 1029 1706 igitur
1037 1655 1080 1706 per
1089 1656 1112 1690 se
1121 1641 1241 1691 timenda
1250 1670 1283 1678 —

176 1723 251 1772 Malis
266 1722 371 1786 intelligo
388 1738 441 1771 cum
458 1722 600 1771 Passeratio:
617 1722 700 1786 quibua
711 1722 1282 1789 doloribusetquautasuasuorumquepernicie.

210 1810 251 1860 53.
286 1811 316 1859 In
334 1810 407 1859 Codd.
424 1826 517 1859 carmen
533 1810 673 1876 terminatur
688 1827 711 1859 v.
730 1810 776 1869 52,
794 1827 849 1860 sane
865 1809 986 1860 demissius
1003 1827 1073 1876 quam
1087 1811 1152 1861 licet.
1169 1812 1252 1862 Amor
1260 1813 1283 1861 in

178 1894 304 1960 Cynthium
321 1893 413 1957 injuriis
431 1893 495 1942 abire
511 1892 638 1951 nesciebat3
657 1896 681 1942 at
698 1895 851 1960 comtemptui
866 1894 948 1944 fuisset
965 1893 1117 1960 Propertius,
1136 1893 1283 1960 quitertiae

176 1974 300 2026 consilium
317 1975 417 2024 viriliter
433 1991 480 2024 non
496 1975 641 2040 smcepisset.
676 1975 721 2025 Sex
738 1991 820 2025 versus
836 1976 882 2025 huo
899 1975 1013 2035 revocati,
1030 1991 1088 2041 quos
1106 1975 1211 2026 Codices
1228 1979 1283 2043 post

84 2092 86 2096 -
174 2055 273 2122 elegiam
290 2056 319 2105 ad
336 2057 469 2120 Augustum
486 2055 548 2119 (Lib.
566 2058 616 2106 Sec.
631 2055 669 2106 nl.
685 2056 764 2119 XXV)
772 2057 890 2117 inserunt,
905 2057 994 2124 optime
1003 2073 1097 2107 carmen
1105 2057 1266 2110 concludunt.

495 2262 771 2331 ELEGIA
815 2266 941 2332 XXIX.

593 2398 843 2448 nanuununn.
1309 2437 1310 2460 c

436 2494 518 2557 (ona
544 2496 574 2554 e,
600 2496 685 2546 auem.
713 2497 742 2555 u,
768 2497 867 2547 nuum.
892 2499 922 2558 e,
948 2499 995 2560 11.)

208 2604 272 2654 Haeo
287 2604 385 2654 disticha
401 2605 427 2654 iu
441 2607 513 2656 Codd.
523 2623 576 2657 cum
585 2607 658 2672 elegia
667 2608 819 2674 subsequente
828 2611 914 2660 mirum
921 2611 946 2660 iu
954 2611 1049 2660 modum
1056 2609 1248 2676 permiscentur.
1308 2637 1309 2640 ¹

238 2688 298 2736 Sunt
311 2686 471 2753 proculdubio
480 2689 612 2752 fragmenta
623 2690 746 2749 carminis,
761 2691 826 2755 cnjus
839 2693 962 2758 integritas
973 2693 1124 2742 desideratur.
1153 2694 1178 2744 E
1188 2713 1248 2746 con-

237 2768 310 2818 trario
327 2768 433 2836 proxima
449 2769 531 2834 elegia,
551 2770 631 2820 ordino
646 2787 756 2821 ausuum
769 2774 889 2833 restituto,
905 2774 1010 2824 absoluta
1024 2777 1073 2832 est,
1088 2775 1202 2842 nihilque
1218 2795 1249 2828 ex

237 2850 278 2899 illa
296 2850 439 2901 intercidisse
455 2852 553 2901 videtur.
572 2853 678 2918 Utroque
694 2853 723 2903 ud
741 2854 847 2905 Primum
863 2856 964 2906 Librum
981 2856 1112 2923 pertinent,
1127 2861 1207 2924 atque
1217 2861 1249 2909 ad

238 2934 374 2985 Praetorem
389 2935 531 2984 referamur.

290 3067 340 3130 Sic
359 3068 450 3146 igitur
468 3070 565 3148 prima
585 3071 709 3133 moriere
731 3076 844 3154 aetate,
866 3073 1026 3151 Properti?

329 3170 390 3232 Sed
408 3190 537 3252 morerc;
558 3174 679 3236 interitu
699 3176 828 3252 gaudeat
848 3177 902 3237 illa
921 3181 981 3238 tuo.

288 3273 428 3351 Exagitet
448 3279 563 3338 nostros
583 3295 701 3358 manee,
723 3282 851 3339 sectetur
872 3282 901 3340 et
921 3278 1061 3359 umbras,

328 3375 513 3455 Insultetque
531 3379 626 3458 rogis,
649 3380 743 3441 calcet
764 3385 794 3442 et
814 3398 882 3441 osea
903 3383 985 3441 moal

287 3557 485 3638 Ecquandone
505 3561 561 3623 tibi
581 3563 657 3624 liber
677 3581 742 3625 sum
762 3563 867 3625 visus?
890 3584 928 3625 an
948 3582 1043 3642 usque

327 3663 362 3725 In
381 3670 511 3728 nostrum
527 3666 623 3745 jacies
644 3669 736 3729 verba
756 3669 883 3745 superba
903 3668 1020 3747 caput?
