2640 4400
175 759 401 843 santonus
423 761 612 846 comtum
636 763 872 847 PROPERTII
895 765 987 848 tiss.

65 1187 87 1232 N
92 1197 298 1244 anconitanus,
321 1188 361 1252 qui
384 1189 439 1237 olim
463 1193 512 1238 erat
535 1188 633 1254 Neapoli
651 1189 679 1236 al
697 1189 721 1238 S.
738 1188 852 1238 loannem
870 1187 1050 1246 Carbonarium,
1067 1203 1129 1237 nunc

33 1265 182 1333 Guelferbyti
200 1268 376 1328 (Woltenbuttel
390 1271 414 1319 in
431 1271 516 1320 ducatu
534 1271 721 1330 Brunsuioensi)‚
738 1271 799 1319 inter
809 1271 924 1320 Gudianus
934 1270 1029 1320 Codices
1039 1287 1062 1319 n.
1071 1271 1129 1321 224.

32 1349 129 1398 Saeculo
154 1351 215 1398 XIV
239 1351 263 1401 in
286 1352 356 1401 Italia
378 1358 485 1403 exaratus
510 1357 557 1411 est,
584 1353 731 1418 omniumque
756 1353 961 1418 Propertianorum
978 1353 1018 1417 qui
1034 1355 1127 1410 exunt,

32 1431 219 1496 antiquissimus.
241 1435 357 1501 chcrpta
374 1436 464 1500 primus
481 1435 543 1484 dedit
563 1436 592 1484 ll.
602 1435 728 1492 Heinsius,
742 1434 823 1483 deinde
832 1434 1008 1492 liestmonam,
1018 1435 1034 1482 J
1037 1433 1128 1484 acobins

32 1514 52 1559 et
70 1511 253 1578 Hertzbergius.
531 1504 534 1510 ¹

62 1595 273 1644 Gnourncsaus.
291 1598 423 1662 Groningae
438 1598 462 1647 in
479 1598 617 1648 bibliotheca
633 1597 762 1647 academica
774 1600 913 1646 asservatum.
932 1595 1026 1644 Saeculo
1043 1595 1086 1644 llV
1103 1597 1127 1644 in

33 1674 101 1723 ltalia
111 1678 269 1742 conscriptus.
288 1679 397 1729 Bonitate
406 1697 459 1730 cum
470 1680 622 1746 Neapolitano
631 1679 756 1728 contendit.
773 1680 890 1744 cherpte
898 1677 1010 1727 dederunt
1019 1677 1127 1726 Francis-

32 1773 69 1804 cus
78 1757 193 1816 Medius,
203 1759 220 1806 J
221 1775 242 1808 ο.
251 1760 405 1819 Schradenrs,
424 1763 585 1820 Burmannus,
603 1763 778 1819 Lachmannns‚
797 1761 813 1809 J
814 1760 906 1810 acobius
918 1763 942 1808 et
952 1759 1126 1823 Hertzbergius.

62 1842 270 1892 blnarsnrauos
287 1844 335 1908 (qui
352 1845 422 1893 etiam
440 1845 556 1894 Leidensis
573 1846 600 1904 I,
620 1845 759 1894 Francianus
769 1844 797 1893 ll
813 1847 834 1891 et
845 1842 985 1892 Broukhusii
995 1842 1024 1890 ll
1034 1842 1127 1891 nomine

32 1924 150 1985 laudatur)
168 1941 222 1973 cum
240 1926 393 1992 Neapolitano
411 1944 478 1993 saepe
495 1928 615 1976 consentit.
633 1927 747 1976 Euarestus
762 1925 853 1974 soeculo
872 1925 932 1972 XIV
949 1924 973 1973 in
987 1923 1070 1982 ltalia,
1089 1923 1128 1972 aed

33 2006 59 2054 ab
82 2007 196 2072 imperito
218 2007 322 2057 librario.
356 2008 459 2058 Collatus
477 2009 521 2058 fuit
539 2008 568 2056 ab
587 2009 684 2057 Heinsio
701 2011 724 2057 et
743 2006 921 2072 Oudendorpio;
940 2008 1048 2071 excerpta
1065 2005 1127 2054 dedit

33 2103 121 2152 quoque
141 2087 318 2154 Hertzbcrgius.

64 2173 247 2221 Dansosnsrs.
273 2172 379 2237 Scriptus
397 2171 441 2221 XV
460 2171 558 2221 saeculo.
584 2171 743 2221 AMendlero
761 2170 871 2227 collatus;
889 2169 1000 2219 dederunt
1018 2173 1126 2236 excerpta

35 2253 146 2302 barthius
171 2256 195 2301 et
218 2252 396 2318 Hertzbergius.
430 2255 490 2302 Cum
513 2253 667 2319 Neapolitano
685 2253 806 2303 consentit.
841 2252 974 2317 Elegiarum
991 2258 1127 2317 argumenta

34 2333 134 2385 exhibet.

66 2417 298 2467 tirasonensem.
322 2418 352 2467 ln
377 2419 447 2468 Italia
468 2435 524 2469 saec.
548 2419 591 2468 XV
617 2418 716 2484 scriptus
741 2419 765 2466 in
791 2416 936 2467 Bibliotheca
954 2416 1127 2483 Hamburgcnsi

34 2504 146 2550 servator.

66 2585 214 2634 Larnnasrs
234 2584 275 2642 ll,
295 2585 477 2643 Hsrnsmaos,
498 2585 655 2634 Vossruaus.
683 2585 793 2634 Heinsius
811 2587 834 2633 et
851 2586 998 2633 Bunnuuuns
1015 2583 1127 2632 dedu-unt

36 2671 148 2732 excerpta.

66 2750 243 2799 Bnaasstnmr
263 2751 383 2800 l'snnsn.
402 2751 459 2800 Cod.
477 2749 651 2814 antiquissimus
669 2765 729 2800 nunc
743 2749 883 2816 deperditus.
901 2749 1018 2814 Excerpta
1027 2751 1127 2799 servavit

37 2834 173 2882 l'ranciscus
196 2833 303 2882 Puccins.
330 2833 456 2899 Exemplar
476 2834 537 2898 qnod
554 2833 635 2882 Paccii
652 2832 820 2882 emendationes
838 2830 969 2880 continebat
985 2834 1055 2896 atque
1072 2831 1127 2882 olim

38 2917 125 2965 Romae
134 2915 196 2981 apnd
206 2916 324 2966 Victorius
333 2918 382 2964 erat
390 2956 395 2972 ,
404 2916 464 2964 hanc
473 2915 664 2980 subscriptionem
674 2915 792 2981 perhibet:
804 2914 946 2963 Franciscus
955 2915 1059 2964 Paccius
1068 2915 1127 2964 hacc

38 2997 170 3047 adnotabat
186 3013 248 3046 onero
261 2998 348 3047 salutis
362 2998 447 3046 MDII
459 2999 594 3062 Anqustino
609 2999 756 3063 Soorpinelta
765 2998 850 3047 comite
857 2997 1001 3054 stadiorum,
1016 3001 1127 3061 sequutus

40 3081 105 3136 ῖῐᾱεηι
115 3081 278 3145 antiquissimi
289 3081 398 3139 Codicis,
414 3080 779 3146 quiprimumfiuitBernardini
793 3080 1125 3138 Vatiae,Potritii1tomani,

38 3163 80 3211 oiri
95 3163 238 3220 doctissimi,
257 3163 312 3212 dein
327 3162 356 3212 ab
365 3179 392 3213 eo
403 3165 463 3212 dono
477 3163 721 3226 datusestAlphonso
730 3163 764 3210 II
775 3162 827 3225 νομί
840 3161 1011 3224 Neapolitano,
1021 3161 1127 3228 prinmpi

38 3246 161 3294 literarum
179 3246 349 3294 amantissimo.
385 3245 503 3310 Quaedam
520 3247 597 3294 tamen
614 3261 641 3294 en
659 3245 751 3307 ingenio
769 3243 868 3292 Paccius
883 3244 994 3310 reposuit.

69 3329 215 3376 Panaenus
230 3332 254 3376 et
269 3327 476 3384 crescamus,
490 3343 551 3376 nunc
565 3326 685 3392 deperditi.
703 3328 749 3376 Eos
764 3328 879 3392 excerpsit
891 3327 1007 3376 Antonius
1020 3327 1128 3391 Perseius

39 3410 68 3458 sic
85 3409 248 3459 subscribens.-
272 3410 435 3458 Emendabam
455 3415 479 3459 et
500 3409 641 3458 annotabam
661 3411 781 3458 Catullum
804 3410 919 3459 Tibullum
936 3415 960 3459 et
977 3411 1128 3475 Propertium

42 3507 78 3554 epo
101 3491 160 3541 Ant.
184 3493 286 3540 Pcrr...
310 3493 404 3542 collatis
427 3493 589 3541 vetustissimis
611 3492 783 3556 exemplaribus
801 3493 851 3541 atio
868 3493 987 3551 Pontani,
1006 3493 1055 3542 alio
1072 3493 1128 3558 api.

43 3573 144 3623 tiemon.
171 3574 220 3623 alio
247 3575 321 3624 Fran.
348 3574 434 3624 Paccii
454 3591 497 3623 nec
519 3590 566 3623 non
588 3574 644 3622 aliis
668 3575 756 3623 haeae
778 3579 801 3623 et
823 3577 929 3624 Floreat.
953 3575 1042 3625 habitis
1067 3591 1128 3625 anno

44 3655 77 3705 15.
88 3693 112 3706 ..
129 3662 152 3707 et
170 3657 209 3705 15.
220 3691 243 3706 ..
262 3655 353 3718 (1528).
381 3655 500 3721 Quaedam
518 3672 545 3705 en
563 3656 696 3719 conjectura
713 3672 755 3706 sua
773 3656 880 3719 Perrejus
895 3673 985 3722 quoqne
999 3657 1128 3710 emendasse

43 3738 146 3788 creditur.
