2642 4396
689 365 749 424 140

173 535 214 588 ills
235 533 527 602 inuniannnpuanes.
560 535 606 586 Ssd
627 533 737 599 Perrajns
759 535 852 587 notarit
874 536 900 587 in
918 535 975 588 eoa
992 553 1035 588 sno
1051 537 1099 604 logi
1116 541 1226 588 tontum:
1241 537 1268 587 st

171 635 240 669 sacer
261 623 396 676 artemam,
420 617 540 682 additque:
569 617 681 683 oroliqua
697 618 773 668 moino
789 619 895 686 margine
911 620 1062 687 perierunt·
1089 621 1175 686 Ergo,
1193 622 1266 688 dopn-

171 699 222 750 dito
239 700 358 766 Propertii
374 715 455 760 versu,
477 701 516 750 hio
533 700 666 766 suppositus
681 701 734 750 fuis
768 701 825 752 eod.
844 703 972 753 Vaticanus
989 703 1003 752 I
1020 717 1064 769 pro
1080 709 1163 753 matre
1180 702 1268 770 praebat

172 783 262 833 Marte.
296 781 423 832 Beroaldus
449 782 592 846 conjecerat:
619 783 658 833 Sis
678 798 747 833 sacer
768 789 903 843 aemam,
925 801 969 835 neo
991 785 1042 835 sine
1064 785 1148 835 Marte
1174 787 1266 842 donau

173 881 292 930 nunquam
312 863 369 914 rixis
391 868 475 915 eareat.
508 865 642 915 Santsnius:
667 865 704 915 ou
725 881 793 915 sacer
809 871 943 926 samum,
962 865 1073 917 προεῖπε
1088 867 1176 916 Marte
1193 872 1266 924 tom,

172 947 205 997 sit
220 951 274 997 toro
292 945 392 998 Vulcani
408 947 501 998 similia.
526 948 686 997 Burmannus:
704 947 747 996 ait.
757 961 826 998 sacer
842 953 977 1009 aetenum
993 948 1027 999 sit
1041 948 1093 999 riae
1100 953 1180 1014 parre
1193 954 1266 1006 tons,

173 1029 258 1082 habeas
274 1030 334 1081 filios
351 1029 450 1097 spurios.

529 1293 805 1360 ELEGIA
850 1294 910 1361 IX.

480 1464 545 1512 Al)
572 1464 962 1514 ΙΙᾸΕΟΕΝΗΕΜ.

396 1599 478 1663 (codd.
504 1599 534 1658 9,
550 1553 643 1648 =Burm.
669 1599 699 1657 t,
725 1598 783 1656 111;
808 1597 907 1647 Lachm.
933 1597 963 1658 8,
989 1599 1046 1658 lv.)

201 1750 233 1800 In
247 1750 309 1800 hano
325 1749 398 1801 codd.
416 1751 538 1800 ooufornnt
554 1750 655 1816 quinque
670 1749 771 1799 dutioha
787 1749 815 1798 ad
833 1749 933 1800 Librum
949 1749 1081 1799 Secundum
1097 1749 1245 1816 pertinentia

467 1839 469 1842 '
629 1833 659 1880 V.
676 1830 714 1881 Itl.
733 1832 809 1880 XXV.

294 1984 467 2064 Maecenas,
489 2003 579 2061 squas
599 1984 723 2046 Etrusco
743 1984 781 2045 de
802 1984 946 2062 sanguino
966 2001 1085 2063 rogum,

335 2088 417 2149 Intra
436 2088 583 2148 fortunam
602 2088 654 2165 qui
674 2087 757 2165 oupis
779 2105 844 2148 esse
865 2090 961 2167 tuam,

296 2190 376 2267 Quid
395 2209 443 2251 me
463 2190 611 2252 scribendi
630 2193 691 2250 tam
711 2194 828 2250 vastum
847 2189 941 2250 mittis
961 2190 993 2249 in
1012 2190 1146 2267 aequor?

333 2295 401 2356 Non
421 2299 489 2356 sunt
509 2297 579 2371 apta
599 2311 667 2354 mea
685 2292 811 2369 grandia
830 2293 897 2352 vela
917 2292 984 2352 rati.

294 2397 395 2474 Turpe
416 2401 477 2476 est,
498 2397 576 2474 quod
596 2414 742 2475 nequeas,
763 2395 853 2472 ospiti
873 2395 1054 2457 committere
1074 2397 1185 2474 pondus
1242 2395 1260 2454 5

334 2498 374 2558 ut
393 2517 526 2577 pressum
547 2487 658 2559 inflexo
675 2517 743 2558 mox
762 2497 834 2557 dare
854 2501 939 2574 terga
958 2515 1045 2575 genu.

295 2597 402 2661 Omnia
421 2619 479 2660 non
498 2601 609 2677 pariter
627 2618 725 2660 rerum
745 2603 813 2659 sunt
833 2599 967 2660 omnibus
987 2603 1073 2678 apta,

334 2703 428 2764 Fama
447 2720 501 2763 neo
521 2721 558 2762 ax
580 2720 674 2779 aequo
694 2703 810 2763 ducitur
829 2720 888 2762 una
903 2702 986 2779 jugo.

294 2807 396 2870 Gloria
415 2808 548 2884 Lysippo
569 2812 614 2867 est
634 2807 766 2867 animosa
786 2805 924 2882 effingere
945 2807 1045 2884 signa,

334 2911 456 2972 Exactis
476 2909 605 2970 Calamis
625 2927 657 2970 sa
678 2908 751 2969 mihi
767 2909 862 2986 jactat
882 2908 982 2989 equis3
1220 2909 1258 2966 10

295 3015 330 3077 In
350 3015 475 3075 Veneris
496 3014 598 3074 tabula
617 3031 761 3074 summam
781 3013 838 3073 sibi
858 3013 952 3090 poscit
972 3011 1109 3092 Apelles,

334 3118 509 3179 Parrhasius
528 3136 622 3194 parva
641 3117 773 3177 vindicat
793 3121 857 3178 arte
877 3119 988 3197 looum3

295 3222 478 3300 Argumenta
498 3221 592 3298 magis
613 3226 681 3282 sunt
700 3221 840 3282 Mentoris
860 3220 1105 3300 auditotorum,

334 3325 375 3387 At
395 3326 480 3402 Myos
502 3325 640 3401 exiguum
660 3324 752 3385 fleotit
772 3322 914 3384 acanthus
933 3323 999 3384 iter.

295 3429 350 3490 Est
370 3429 477 3506 quibus
497 3428 589 3488 Eleae
610 3428 754 3487 oonomnit
773 3427 872 3504 palma
893 3426 1069 3506 quadrigas,
1215 3421 1250 3480 15

335 3533 390 3595 Est
410 3533 516 3608 quibus
536 3532 568 3594 in
587 3533 699 3593 celeres
719 3531 813 3608 gloria
832 3536 902 3591 nata
922 3531 1028 3611 pedes3

296 3635 354 3696 Hio
374 3639 456 3696 satus
477 3635 515 3695 ad
535 3653 654 3714 paoem,
675 3635 724 3696 hio
744 3637 941 3697 assumsibus
961 3635 1044 3698 utilis
1064 3633 1165 3696 armis:

334 3739 467 3833 Naturaa
487 3739 621 3815 sequitur
641 3739 754 3799 semina
774 3740 898 3816 quisque
918 3756 998 3798 suae.
