2624 4398
708 363 748 424 80

303 536 443 612 „Parcite
458 535 538 616 jam,
557 535 680 617 fratres,
697 535 762 614 jam
781 539 877 598 centos
897 536 1023 616 spondet
1043 557 1177 620 amores,

344 639 407 714 „Et
421 639 485 718 jam
506 639 544 700 ad
565 639 734 699 mandatam
755 639 889 702 venimus
910 659 979 703 ecce
999 641 1149 704 domum.”
1234 639 1266 698 20
1301 637 1303 712 l

300 743 399 822 Atque
419 743 463 804 ita
482 743 523 804 mi
536 743 650 825 ¹injecto
671 742 808 803 dixerunt
828 761 927 804 rursus
948 743 1076 806 amictu:
1301 731 1303 762 ³

343 847 493 927 ,1nuno,
515 850 546 907 et
564 850 664 908 noctes
684 845 764 906 disce
784 864 903 907 manere
923 847 1031 909 domi.''

231 998 255 1048 1.
287 997 407 1049 Hestema
429 999 504 1048 Codd.
527 1014 613 1048 omnes.
648 997 759 1048 Heinsius
782 999 905 1065 proposuit
926 1002 1059 1062 Extrema,
1076 1003 1138 1068 qnod
1155 1001 1265 1068 receptum

180 1079 226 1130 luit
240 1080 272 1130 sb
287 1081 329 1140 iia,
350 1081 390 1146 qui
405 1081 466 1131 banc
482 1097 536 1132 cum
553 1081 591 1131 m.
608 1080 685 1131 XVII
702 1080 841 1146 conjungere
858 1082 967 1149 cupiunt,
984 1083 1064 1134 invitis
1082 1084 1168 1137 Musis.

231 1186 254 1237 7.
289 1186 362 1236 Oodd.
385 1186 434 1235 Sed
452 1185 513 1236 nudi
528 1185 647 1251 fuerant,
673 1202 779 1252 puerum.
806 1179 942 1237 Fonteinius
963 1187 1097 1238 felicissima
1120 1187 1266 1238 divinatione:
1302 1259 1303 1262 Ἴ

185 1267 217 1318 Ut
232 1268 323 1318 nudum
338 1274 468 1326 11111111,
487 1269 579 1319 hosam.
605 1268 669 1318 Alias
687 1269 784 1329 omitto,
798 1285 853 1318 num
870 1269 1054 1320 emendationem
1072 1272 1153 1320 firmat
1170 1273 1195 1320 et
1207 1267 1267 1333 jabet
1302 1285 1303 1292 ¹

179 1367 259 1415 111111
276 1352 322 1402 212
339 1356 411 1416 alque
426 1350 464 1400 ita
479 1350 513 1400 mi
528 1351 616 1416 injecto
633 1351 747 1401 (11111111
762 1367 846 1402 rursus
863 1352 959 1403 amictu.

214 1441 254 1508 19.
288 1457 362 1508 Godd.
378 1457 491 1523 speculan
509 1456 607 1508 Paccius
623 1457 726 1522 spondeo
734 1478 744 1517 ,·
761 1458 821 1524 quod
838 1459 955 1509 nonnullis
971 1459 1047 1525 magis
1064 1459 1191 1511 blanditur.
1301 1401 1303 1522 i

154 1585 160 1600 s
213 1563 255 1614 21.
288 1564 365 1630 Neap.
381 1562 518 1622 duxeram
536 1563 608 1614 Gron.
625 1562 723 1614 direxit.
739 1561 852 1614 Heinsius
868 1565 971 1616 restituit
987 1565 1109 1618 dicerunt.
1128 1567 1190 1618 Item
1200 1561 1264 1618 caud

179 1661 217 1696 me
233 1659 277 1712 pro
293 1662 333 1696 ms.
1301 1663 1303 1688 ¹

543 1841 906 1940 1111111.

491 2025 732 2073 nummulum
762 2026 959 2073 NOGTBS.

403 2146 486 2212 (Codd.
509 2149 554 2209 14,
575 2149 657 2198 Burm.
680 2149 723 2208 11,
746 2149 787 2207 II3
808 2149 906 2200 Lachm.
929 2148 960 2208 5,
983 2148 1046 2213 ΙΙΙ.)

214 2283 262 2332 Pas
275 2282 326 2350 pari
337 2283 432 2344 retudit,
446 2288 594 2352 contemptus
606 2285 778 2351 contemptibus
791 2285 912 2351 opposuit,
921 2284 1085 2345 multivolum,
1095 2286 1234 2337 omnivolum

246 2381 271 2416 ae
281 2365 394 2430 jactavit,
413 2368 556 2424 iactatione
569 2370 657 2418 fastum
671 2367 875 2434 non'eprecibus‚
890 2384 937 2417 nou
946 2367 1233 2436 alacrimisexpugnstura

246 2449 365 2500 contrivit.
381 2451 480 2501 Amator
488 2452 602 2502 rurensis
611 2452 711 2516 gratiam
719 2454 827 2517 acceptus
840 2454 931 2502 monet:
947 2452 1106 2512 Contemnite,
1116 2451 1235 2502 amoma!

299 2613 366 2674 Non
386 2612 429 2673 111
448 2613 598 2674 Dardanio
618 2613 739 2690 gavisus
758 2612 865 2672 Atrida
885 2611 1033 2690 triumpho
1053 2616 1117 2692 est,

339 2715 413 2776 (tum
433 2715 572 2776 caderent
590 2733 716 2793 magnae
736 2715 945 2777 Laomedontis
965 2734 1054 2793 opes:

298 2818 362 2879 Nee
382 2819 425 2879 sio
446 2836 543 2879 errore
563 2823 667 2879 exacto
687 2820 814 2880 laetatus
835 2819 957 2898 Ulixes,

338 2919 413 2980 Oum
433 2921 532 2998 tetigit
552 2939 638 2981 carae
658 2921 745 2981 litora
764 2919 939 2981 Dulichiae:

298 3024 362 3085 Nec
382 3024 425 3085 sic
444 3024 580 3104 Electra,
602 3025 716 3085 salvum
737 3041 803 3084 cum
824 3023 960 3100 adspexit
980 3022 1120 3106 Oresten,

339 3125 430 3205 Cujus
450 3127 527 3188 falsa
546 3131 650 3189 tenens
670 3126 794 3188 fleverat
813 3144 880 3189 ossa
901 3145 998 3189 soror:

299 3231 363 3292 Nec
383 3232 426 3292 sic
446 3231 620 3292 incolumem
640 3231 746 3292 Minois
767 3230 886 3292 Thesea
906 3230 998 3310 vidit,

339 3333 522 3398 Daedaleum
542 3334 602 3393 lino
623 3351 688 3394 cum
709 3333 783 3393 duce
803 3334 881 3394 rexit
901 3333 974 3394 iter:
1031 3365 1036 3384 ι

299 3435 418 3512 Quanta
437 3454 492 3514 ego
511 3437 673 3513 praeterita
692 3436 797 3512 collegi
818 3435 928 3513 gaudia
948 3440 1051 3498 nocte:

340 3540 516 3600 Immortalis
537 3556 601 3618 ero,
623 3539 649 3600 si
670 3539 763 3598 altera
783 3539 852 3600 talis
873 3539 938 3599 erit.

299 3639 340 3702 At
360 3641 429 3702 dum
450 3641 586 3703 demissis
606 3642 731 3719 supplex
751 3641 914 3703 cervicibus
935 3641 1031 3722 ibam,

339 3746 468 3810 Dicebas
487 3747 565 3808 sicco
584 3748 673 3809 vilior
692 3763 758 3808 esse
778 3747 853 3809 lacu.
