<?xml version="1.0" encoding="UTF-8"?>
<!DOCTYPE html PUBLIC "-//W3C//DTD XHTML 1.0 Transitional//EN"
    "http://www.w3.org/TR/xhtml1/DTD/xhtml1-transitional.dtd">
<html xmlns="http://www.w3.org/1999/xhtml" xml:lang="en" lang="en">
 <head>
  <title>
</title>
<meta http-equiv="Content-Type" content="text/html;charset=utf-8" />
  <meta name='ocr-system' content='tesseract 3.04.00' />
  <meta name='ocr-capabilities' content='ocr_page ocr_carea ocr_par ocr_line ocrx_word'/>
</head>
<body>
  <div class='ocr_page' id='page_1' title='image "./cynthiacumlibro00carugoog_0144.png"; bbox 0 0 2624 4398; ppageno 0'>
   <div class='ocr_carea' id='block_1_1' title="bbox 565 352 604 414">
    <p class='ocr_par' dir='ltr' id='par_1_1' title="bbox 565 352 604 414">
     <span class='ocr_line' id='line_1_1' title="bbox 565 352 604 414; baseline -0.026 0"><span class='ocrx_word' id='word_1_1' title='bbox 565 352 604 414; x_wconf 74' lang='lat'><strong>⁷5</strong></span> 
     </span>
    </p>
   </div>
   <div class='ocr_carea' id='block_1_2' title="bbox 12 525 1133 764">
    <p class='ocr_par' dir='ltr' id='par_1_2' title="bbox 12 525 1133 764">
     <span class='ocr_line' id='line_1_2' title="bbox 49 525 1133 594; baseline -0.002 -16"><span class='ocrx_word' id='word_1_2' title='bbox 49 531 96 580; x_wconf 82' lang='lat'><strong>1&#39;1.</strong></span> <span class='ocrx_word' id='word_1_3' title='bbox 139 527 218 578; x_wconf 85' lang='lat' dir='ltr'><strong>Codd.</strong></span> <span class='ocrx_word' id='word_1_4' title='bbox 241 543 321 579; x_wconf 86' lang='lat' dir='ltr'><strong>onmes</strong></span> <span class='ocrx_word' id='word_1_5' title='bbox 343 528 431 594; x_wconf 72' lang='lat' dir='ltr'><strong>optatis</strong></span> <span class='ocrx_word' id='word_1_6' title='bbox 451 528 535 578; x_wconf 70' lang='lat' dir='ltr'><strong>uerbis</strong></span> <span class='ocrx_word' id='word_1_7' title='bbox 569 527 717 578; x_wconf 67' lang='lat' dir='ltr'><strong>Passeratius</strong></span> <span class='ocrx_word' id='word_1_8' title='bbox 733 544 762 580; x_wconf 83' lang='lat' dir='ltr'><strong>ex</strong></span> <span class='ocrx_word' id='word_1_9' title='bbox 779 542 898 580; x_wconf 82' lang='lat' dir='ltr'><strong>unusne:</strong></span> <span class='ocrx_word' id='word_1_10' title='bbox 916 525 1133 588; x_wconf 73' lang='lat' dir='ltr'><strong>lobris,nnnoeb</strong></span> 
     </span>
     <span class='ocr_line' id='line_1_3' title="bbox 12 610 1130 680; baseline 0 -18"><span class='ocrx_word' id='word_1_11' title='bbox 12 613 139 663; x_wconf 80' lang='lat' dir='ltr'><strong>omnibns</strong></span> <span class='ocrx_word' id='word_1_12' title='bbox 158 610 299 662; x_wconf 75' lang='lat' dir='ltr'><strong>editionibus</strong></span> <span class='ocrx_word' id='word_1_13' title='bbox 315 610 446 676; x_wconf 75' lang='lat' dir='ltr'><strong>mulgetum.</strong></span> <span class='ocrx_word' id='word_1_14' title='bbox 463 611 599 662; x_wconf 73' lang='lat' dir='ltr'><strong>Lectionem</strong></span> <span class='ocrx_word' id='word_1_15' title='bbox 615 611 689 662; x_wconf 84' lang='lat' dir='ltr'><strong>Gron.</strong></span> <span class='ocrx_word' id='word_1_16' title='bbox 702 612 727 660; x_wconf 89' lang='lat' dir='ltr'><strong>et</strong></span> <span class='ocrx_word' id='word_1_17' title='bbox 740 611 817 680; x_wconf 78' lang='lat' dir='ltr'><strong>Nesp.</strong></span> <span class='ocrx_word' id='word_1_18' title='bbox 833 611 936 672; x_wconf 76' lang='lat' dir='ltr'><strong>refineo,</strong></span> <span class='ocrx_word' id='word_1_19' title='bbox 952 611 1067 678; x_wconf 80' lang='lat' dir='ltr'><strong>quianon</strong></span> <span class='ocrx_word' id='word_1_20' title='bbox 1080 626 1130 662; x_wconf 84' lang='lat' dir='ltr'><strong>sm·</strong></span> 
     </span>
     <span class='ocr_line' id='line_1_4' title="bbox 12 693 678 764; baseline -0.009 -17"><span class='ocrx_word' id='word_1_21' title='bbox 12 697 81 764; x_wconf 79' lang='lat' dir='ltr'><strong>plius</strong></span> <span class='ocrx_word' id='word_1_22' title='bbox 101 698 138 747; x_wconf 87' lang='lat' dir='ltr'><strong>de</strong></span> <span class='ocrx_word' id='word_1_23' title='bbox 156 695 229 746; x_wconf 77' lang='lat' dir='ltr'><strong>seriis</strong></span> <span class='ocrx_word' id='word_1_24' title='bbox 245 695 336 760; x_wconf 76' lang='lat' dir='ltr'><strong>egitur,</strong></span> <span class='ocrx_word' id='word_1_25' title='bbox 353 694 393 743; x_wconf 87' lang='lat' dir='ltr'><strong>eod</strong></span> <span class='ocrx_word' id='word_1_26' title='bbox 408 693 437 743; x_wconf 90' lang='lat' dir='ltr'><strong>de</strong></span> <span class='ocrx_word' id='word_1_27' title='bbox 453 708 567 743; x_wconf 85' lang='lat' dir='ltr'><strong>ooueeneu</strong></span> <span class='ocrx_word' id='word_1_28' title='bbox 583 693 678 742; x_wconf 81' lang='lat' dir='ltr'><strong>emieee.</strong></span> 
     </span>
    </p>
   </div>
   <div class='ocr_carea' id='block_1_3' title="bbox 13 796 1132 948">
    <p class='ocr_par' dir='ltr' id='par_1_3' title="bbox 13 796 1132 948">
     <span class='ocr_line' id='line_1_5' title="bbox 46 796 1132 866; baseline -0.003 -15"><span class='ocrx_word' id='word_1_29' title='bbox 46 803 96 853; x_wconf 86' lang='grc'><strong>25.</strong></span> <span class='ocrx_word' id='word_1_30' title='bbox 138 803 304 851; x_wconf 74' lang='lat' dir='ltr'><strong>Praecurrere</strong></span> <span class='ocrx_word' id='word_1_31' title='bbox 319 804 427 850; x_wconf 75' lang='lat' dir='ltr'><strong>amonim</strong></span> <span class='ocrx_word' id='word_1_32' title='bbox 444 798 517 849; x_wconf 85' lang='lat' dir='ltr'><strong>Codd.</strong></span> <span class='ocrx_word' id='word_1_33' title='bbox 523 819 531 858; x_wconf 87' lang='lat'>;</span> <span class='ocrx_word' id='word_1_34' title='bbox 548 799 594 849; x_wconf 91' lang='lat' dir='ltr'><strong>boe</strong></span> <span class='ocrx_word' id='word_1_35' title='bbox 610 801 659 850; x_wconf 84' lang='lat' dir='ltr'><strong>est:</strong></span> <span class='ocrx_word' id='word_1_36' title='bbox 678 813 760 848; x_wconf 85' lang='lat' dir='ltr'><strong>omnes</strong></span> <span class='ocrx_word' id='word_1_37' title='bbox 777 796 867 866; x_wconf 78' lang='lat' dir='ltr'><strong>puellae</strong></span> <span class='ocrx_word' id='word_1_38' title='bbox 876 813 935 864; x_wconf 88' lang='lat' dir='ltr'><strong>ques</strong></span> <span class='ocrx_word' id='word_1_39' title='bbox 948 802 1004 849; x_wconf 79' lang='lat' dir='ltr'><strong>ente</strong></span> <span class='ocrx_word' id='word_1_40' title='bbox 1015 797 1132 849; x_wconf 78' lang='lat' dir='ltr'><strong>mouisti.</strong></span> 
     </span>
     <span class='ocr_line' id='line_1_6' title="bbox 13 881 502 948; baseline -0.006 -13"><span class='ocrx_word' id='word_1_41' title='bbox 13 887 82 936; x_wconf 84' lang='lat' dir='ltr'><strong>Cum</strong></span> <span class='ocrx_word' id='word_1_42' title='bbox 101 885 264 934; x_wconf 83' lang='lat' dir='ltr'><strong>Leebmnnno</strong></span> <span class='ocrx_word' id='word_1_43' title='bbox 279 881 384 948; x_wconf 83' lang='lat' dir='ltr'><strong>reposui:</strong></span> <span class='ocrx_word' id='word_1_44' title='bbox 403 896 502 932; x_wconf 87' lang='lat' dir='ltr'><strong>amores.</strong></span> 
     </span>
    </p>
   </div>
   <div class='ocr_carea' id='block_1_4' title="bbox 14 983 1130 1137">
    <p class='ocr_par' dir='ltr' id='par_1_4' title="bbox 14 983 1130 1137">
     <span class='ocr_line' id='line_1_7' title="bbox 50 983 1130 1054; baseline -0.001 -16"><span class='ocrx_word' id='word_1_45' title='bbox 50 990 105 1048; x_wconf 83' lang='grc'><strong>29,</strong></span> <span class='ocrx_word' id='word_1_46' title='bbox 128 989 173 1038; x_wconf 89' lang='grc'><strong>30.</strong></span> <span class='ocrx_word' id='word_1_47' title='bbox 206 988 319 1038; x_wconf 84' lang='lat' dir='ltr'><strong>Proxime</strong></span> <span class='ocrx_word' id='word_1_48' title='bbox 334 987 410 1037; x_wconf 86' lang='lat' dir='ltr'><strong>Ledee</strong></span> <span class='ocrx_word' id='word_1_49' title='bbox 426 989 450 1037; x_wconf 88' lang='lat' dir='ltr'><strong>et</strong></span> <span class='ocrx_word' id='word_1_50' title='bbox 466 987 545 1054; x_wconf 77' lang='lat' dir='ltr'><strong>portui</strong></span> <span class='ocrx_word' id='word_1_51' title='bbox 563 987 652 1046; x_wconf 88' lang='lat' dir='ltr'><strong>Ledee,</strong></span> <span class='ocrx_word' id='word_1_52' title='bbox 671 985 696 1035; x_wconf 90' lang='lat' dir='ltr'><strong>id</strong></span> <span class='ocrx_word' id='word_1_53' title='bbox 711 989 749 1037; x_wconf 88' lang='lat' dir='ltr'><strong>eet</strong></span> <span class='ocrx_word' id='word_1_54' title='bbox 762 983 866 1036; x_wconf 81' lang='lat' dir='ltr'><strong>Helenes</strong></span> <span class='ocrx_word' id='word_1_55' title='bbox 879 987 904 1036; x_wconf 86' lang='lat' dir='ltr'><strong>et</strong></span> <span class='ocrx_word' id='word_1_56' title='bbox 918 983 1130 1050; x_wconf 66' lang='lat' dir='ltr'><strong>Clytaemnestrem</strong></span> 
     </span>
     <span class='ocr_line' id='line_1_8' title="bbox 14 1072 977 1137; baseline -0.001 -17"><span class='ocrx_word' id='word_1_57' title='bbox 14 1073 97 1121; x_wconf 93' lang='lat' dir='ltr'><strong>immo</strong></span> <span class='ocrx_word' id='word_1_58' title='bbox 116 1073 167 1122; x_wconf 82' lang='lat' dir='ltr'><strong>hee</strong></span> <span class='ocrx_word' id='word_1_59' title='bbox 183 1075 232 1122; x_wconf 86' lang='lat' dir='ltr'><strong>tres</strong></span> <span class='ocrx_word' id='word_1_60' title='bbox 247 1072 323 1121; x_wconf 85' lang='lat' dir='ltr'><strong>iorme</strong></span> <span class='ocrx_word' id='word_1_61' title='bbox 339 1073 442 1137; x_wconf 84' lang='lat' dir='ltr'><strong>superet.</strong></span> <span class='ocrx_word' id='word_1_62' title='bbox 973 1084 977 1092; x_wconf 92' lang='lat'>·</span> 
     </span>
    </p>
   </div>
   <div class='ocr_carea' id='block_1_5' title="bbox 16 1170 1131 1510">
    <p class='ocr_par' dir='ltr' id='par_1_5' title="bbox 16 1170 1131 1324">
     <span class='ocr_line' id='line_1_9' title="bbox 52 1170 1131 1240; baseline -0.002 -15"><span class='ocrx_word' id='word_1_63' title='bbox 52 1176 101 1224; x_wconf 89' lang='lat'><strong>34.</strong></span> <span class='ocrx_word' id='word_1_64' title='bbox 142 1175 217 1225; x_wconf 81' lang='lat' dir='ltr'><strong>Gron.</strong></span> <span class='ocrx_word' id='word_1_65' title='bbox 234 1176 258 1224; x_wconf 90' lang='lat' dir='ltr'><strong>et</strong></span> <span class='ocrx_word' id='word_1_66' title='bbox 274 1176 350 1240; x_wconf 87' lang='lat' dir='ltr'><strong>Nesp.</strong></span> <span class='ocrx_word' id='word_1_67' title='bbox 368 1177 450 1232; x_wconf 68' lang='lat' dir='ltr'><strong>utem</strong></span> <span class='ocrx_word' id='word_1_68' title='bbox 466 1173 568 1223; x_wconf 84' lang='lat' dir='ltr'><strong>Pueeius</strong></span> <span class='ocrx_word' id='word_1_69' title='bbox 586 1189 669 1232; x_wconf 77' lang='lat' dir='ltr'><strong>urere,</strong></span> <span class='ocrx_word' id='word_1_70' title='bbox 686 1172 748 1238; x_wconf 88' lang='lat' dir='ltr'><strong>quod</strong></span> <span class='ocrx_word' id='word_1_71' title='bbox 764 1172 892 1224; x_wconf 71' lang='lat' dir='ltr'><strong>Beroaldus</strong></span> <span class='ocrx_word' id='word_1_72' title='bbox 903 1170 1131 1224; x_wconf 80' lang='lat' dir='ltr'><strong>eitreneoeseitntem</strong></span> 
     </span>
     <span class='ocr_line' id='line_1_10' title="bbox 16 1261 160 1324; baseline 0.007 -18"><span class='ocrx_word' id='word_1_73' title='bbox 16 1261 160 1324; x_wconf 75' lang='lat' dir='ltr'><strong>reoeperuu</strong></span> 
     </span>
    </p>

    <p class='ocr_par' dir='ltr' id='par_1_6' title="bbox 19 1358 1131 1510">
     <span class='ocr_line' id='line_1_11' title="bbox 54 1358 1131 1427; baseline -0.002 -17"><span class='ocrx_word' id='word_1_74' title='bbox 54 1362 102 1412; x_wconf 82' lang='lat'><strong>36.</strong></span> <span class='ocrx_word' id='word_1_75' title='bbox 143 1361 262 1427; x_wconf 72' lang='lat' dir='ltr'><strong>Quoniam</strong></span> <span class='ocrx_word' id='word_1_76' title='bbox 284 1361 329 1412; x_wconf 88' lang='lat' dir='ltr'><strong>tibi</strong></span> <span class='ocrx_word' id='word_1_77' title='bbox 351 1362 469 1412; x_wconf 86' lang='lat' dir='ltr'><strong>omnivolo</strong></span> <span class='ocrx_word' id='word_1_78' title='bbox 490 1377 552 1412; x_wconf 82' lang='lat' dir='ltr'><strong>nuno</strong></span> <span class='ocrx_word' id='word_1_79' title='bbox 568 1377 624 1411; x_wconf 83' lang='lat' dir='ltr'><strong>enen</strong></span> <span class='ocrx_word' id='word_1_80' title='bbox 640 1360 719 1412; x_wconf 81' lang='lat' dir='ltr'><strong>evenit</strong></span> <span class='ocrx_word' id='word_1_81' title='bbox 735 1362 763 1410; x_wconf 88' lang='lat' dir='ltr'><strong>nt</strong></span> <span class='ocrx_word' id='word_1_82' title='bbox 779 1375 849 1410; x_wconf 84' lang='lat' dir='ltr'><strong>unum</strong></span> <span class='ocrx_word' id='word_1_83' title='bbox 865 1359 961 1410; x_wconf 86' lang='lat' dir='ltr'><strong>tendem</strong></span> <span class='ocrx_word' id='word_1_84' title='bbox 976 1374 1053 1418; x_wconf 85' lang='lat' dir='ltr'><strong>smee,</strong></span> <span class='ocrx_word' id='word_1_85' title='bbox 1069 1358 1131 1408; x_wconf 88' lang='lat' dir='ltr'><strong>hene</strong></span> 
     </span>
     <span class='ocr_line' id='line_1_12' title="bbox 19 1441 1128 1510; baseline 0.001 -20"><span class='ocrx_word' id='word_1_86' title='bbox 19 1459 100 1492; x_wconf 76' lang='lat' dir='ltr'><strong>nuum</strong></span> <span class='ocrx_word' id='word_1_87' title='bbox 116 1443 187 1493; x_wconf 87' lang='lat' dir='ltr'><strong>unice</strong></span> <span class='ocrx_word' id='word_1_88' title='bbox 199 1443 283 1510; x_wconf 81' lang='lat' dir='ltr'><strong>dilige,</strong></span> <span class='ocrx_word' id='word_1_89' title='bbox 301 1446 324 1493; x_wconf 87' lang='lat' dir='ltr'><strong>et</strong></span> <span class='ocrx_word' id='word_1_90' title='bbox 340 1443 384 1494; x_wconf 86' lang='lat' dir='ltr'><strong>tibi</strong></span> <span class='ocrx_word' id='word_1_91' title='bbox 401 1445 432 1496; x_wconf 87' lang='lat' dir='ltr'><strong>sit</strong></span> <span class='ocrx_word' id='word_1_92' title='bbox 448 1444 505 1494; x_wconf 82' lang='lat' dir='ltr'><strong>hero</strong></span> <span class='ocrx_word' id='word_1_93' title='bbox 522 1443 652 1494; x_wconf 77' lang='lat' dir='ltr'><strong>multorum</strong></span> <span class='ocrx_word' id='word_1_94' title='bbox 668 1447 692 1493; x_wconf 84' lang='lat' dir='ltr'><strong>et</strong></span> <span class='ocrx_word' id='word_1_95' title='bbox 708 1443 813 1494; x_wconf 90' lang='lat' dir='ltr'><strong>omnium</strong></span> <span class='ocrx_word' id='word_1_96' title='bbox 828 1443 889 1494; x_wconf 87' lang='lat' dir='ltr'><strong>loeo.</strong></span> <span class='ocrx_word' id='word_1_97' title='bbox 902 1471 935 1480; x_wconf 91' lang='lat'>-</span> <span class='ocrx_word' id='word_1_98' title='bbox 951 1441 991 1493; x_wconf 88' lang='lat' dir='ltr'><strong>Sie</strong></span> <span class='ocrx_word' id='word_1_99' title='bbox 1007 1442 1055 1491; x_wconf 83' lang='lat' dir='ltr'><strong>iere</strong></span> <span class='ocrx_word' id='word_1_100' title='bbox 1070 1442 1128 1491; x_wconf 88' lang='lat' dir='ltr'><strong>Pee-</strong></span> 
     </span>
    </p>
   </div>
   <div class='ocr_carea' id='block_1_6' title="bbox 21 1521 1130 1674">
    <p class='ocr_par' dir='ltr' id='par_1_7' title="bbox 21 1521 1130 1674">
     <span class='ocr_line' id='line_1_13' title="bbox 22 1521 1130 1594; baseline 0.002 -22"><span class='ocrx_word' id='word_1_101' title='bbox 22 1525 151 1586; x_wconf 81' lang='lat' dir='ltr'><strong>serutins,</strong></span> <span class='ocrx_word' id='word_1_102' title='bbox 174 1525 202 1576; x_wconf 87' lang='lat' dir='ltr'><strong>de</strong></span> <span class='ocrx_word' id='word_1_103' title='bbox 224 1526 343 1594; x_wconf 80' lang='lat' dir='ltr'><strong>Propertii</strong></span> <span class='ocrx_word' id='word_1_104' title='bbox 364 1526 557 1594; x_wconf 84' lang='lat' dir='ltr'><strong>intorpretstione</strong></span> <span class='ocrx_word' id='word_1_105' title='bbox 578 1526 667 1594; x_wconf 86' lang='lat' dir='ltr'><strong>optime</strong></span> <span class='ocrx_word' id='word_1_106' title='bbox 689 1525 787 1576; x_wconf 82' lang='lat' dir='ltr'><strong>meritus</strong></span> <span class='ocrx_word' id='word_1_107' title='bbox 809 1524 953 1589; x_wconf 83' lang='lat' dir='ltr'><strong>nimiumque</strong></span> <span class='ocrx_word' id='word_1_108' title='bbox 977 1539 991 1573; x_wconf 86' lang='lat' dir='ltr'><strong>u</strong></span> <span class='ocrx_word' id='word_1_109' title='bbox 1012 1521 1130 1574; x_wconf 86' lang='lat' dir='ltr'><strong>nonnullis</strong></span> 
     </span>
     <span class='ocr_line' id='line_1_14' title="bbox 21 1606 246 1674; baseline 0.031 -20"><span class='ocrx_word' id='word_1_110' title='bbox 21 1606 98 1658; x_wconf 87' lang='lat' dir='ltr'><strong>hodie</strong></span> <span class='ocrx_word' id='word_1_111' title='bbox 115 1609 246 1674; x_wconf 73' lang='lat' dir='ltr'><strong>neglectus.</strong></span> 
     </span>
    </p>
   </div>
   <div class='ocr_carea' id='block_1_7' title="bbox 355 1823 805 1892">
    <p class='ocr_par' dir='ltr' id='par_1_8' title="bbox 355 1823 805 1892">
     <span class='ocr_line' id='line_1_15' title="bbox 355 1823 805 1892; baseline 0.007 -4"><span class='ocrx_word' id='word_1_112' title='bbox 355 1823 668 1890; x_wconf 79' lang='lat' dir='ltr'><strong>ELEGIA</strong></span> <span class='ocrx_word' id='word_1_113' title='bbox 714 1823 805 1892; x_wconf 91' lang='lat' dir='ltr'><strong>VIII.</strong></span> 
     </span>
    </p>
   </div>
   <div class='ocr_carea' id='block_1_8' title="bbox 253 1977 908 2162">
    <p class='ocr_par' dir='ltr' id='par_1_9' title="bbox 253 1977 908 2162">
     <span class='ocr_line' id='line_1_16' title="bbox 393 1977 776 2026; baseline 0.005 -2"><span class='ocrx_word' id='word_1_114' title='bbox 393 1977 590 2026; x_wconf 70' lang='lat' dir='ltr'><strong>cumulem</strong></span> <span class='ocrx_word' id='word_1_115' title='bbox 610 1977 776 2026; x_wconf 64' lang='lat' dir='ltr'><strong>meumes,</strong></span> 
     </span>
     <span class='ocr_line' id='line_1_17' title="bbox 253 2095 908 2162; baseline 0.006 -16"><span class='ocrx_word' id='word_1_116' title='bbox 253 2095 336 2160; x_wconf 75' lang='lat' dir='ltr'><strong>(codd.</strong></span> <span class='ocrx_word' id='word_1_117' title='bbox 354 2099 370 2147; x_wconf 82' lang='lat'>2</span> <span class='ocrx_word' id='word_1_118' title='bbox 390 2102 414 2150; x_wconf 86' lang='lat' dir='ltr'><strong>et</strong></span> <span class='ocrx_word' id='word_1_119' title='bbox 430 2099 460 2157; x_wconf 66' lang='grc' dir='ltr'><strong>ὃς</strong></span> <span class='ocrx_word' id='word_1_120' title='bbox 477 2099 560 2150; x_wconf 88' lang='lat' dir='ltr'><strong>Burm.</strong></span> <span class='ocrx_word' id='word_1_121' title='bbox 578 2099 607 2160; x_wconf 81' lang='lat'><strong>2,</strong></span> <span class='ocrx_word' id='word_1_122' title='bbox 624 2099 722 2150; x_wconf 81' lang='lat' dir='ltr'><strong>Leobm.</strong></span> <span class='ocrx_word' id='word_1_123' title='bbox 740 2099 756 2148; x_wconf 82' lang='lat'>2</span> <span class='ocrx_word' id='word_1_124' title='bbox 773 2101 796 2149; x_wconf 86' lang='lat' dir='ltr'><strong>et</strong></span> <span class='ocrx_word' id='word_1_125' title='bbox 813 2099 841 2160; x_wconf 79' lang='grc'><strong>3,</strong></span> <span class='ocrx_word' id='word_1_126' title='bbox 859 2100 908 2162; x_wconf 89' lang='grc' dir='ltr'>ΙΙ.)</span> 
     </span>
    </p>
   </div>
   <div class='ocr_carea' id='block_1_9' title="bbox 61 2229 1095 2711">
    <p class='ocr_par' dir='ltr' id='par_1_10' title="bbox 61 2229 1095 2711">
     <span class='ocr_line' id='line_1_18' title="bbox 61 2229 1094 2300; baseline 0.003 -19"><span class='ocrx_word' id='word_1_127' title='bbox 61 2229 168 2299; x_wconf 76' lang='lat' dir='ltr'><strong>¹Versum</strong></span> <span class='ocrx_word' id='word_1_128' title='bbox 192 2232 302 2297; x_wconf 89' lang='lat' dir='ltr'><strong>quintum</strong></span> <span class='ocrx_word' id='word_1_129' title='bbox 325 2237 350 2284; x_wconf 87' lang='lat' dir='ltr'><strong>et</strong></span> <span class='ocrx_word' id='word_1_130' title='bbox 371 2236 477 2293; x_wconf 80' lang='lat' dir='ltr'><strong>eentum,</strong></span> <span class='ocrx_word' id='word_1_131' title='bbox 494 2234 575 2285; x_wconf 90' lang='lat' dir='ltr'><strong>deinde</strong></span> <span class='ocrx_word' id='word_1_132' title='bbox 592 2234 713 2285; x_wconf 80' lang='lat' dir='ltr'><strong>duodecim</strong></span> <span class='ocrx_word' id='word_1_133' title='bbox 729 2249 810 2284; x_wconf 80' lang='lat' dir='ltr'><strong>uersus</strong></span> <span class='ocrx_word' id='word_1_134' title='bbox 826 2235 868 2300; x_wconf 88' lang='lat' dir='ltr'><strong>qui</strong></span> <span class='ocrx_word' id='word_1_135' title='bbox 884 2236 1049 2284; x_wconf 86' lang='lat' dir='ltr'><strong>enumerentur</strong></span> <span class='ocrx_word' id='word_1_136' title='bbox 1065 2233 1094 2284; x_wconf 88' lang='lat' dir='ltr'><strong>eb</strong></span> 
     </span>
     <span class='ocr_line' id='line_1_19' title="bbox 97 2315 1095 2382; baseline 0.005 -19"><span class='ocrx_word' id='word_1_137' title='bbox 97 2315 129 2364; x_wconf 88' lang='lat'><strong>11</strong></span> <span class='ocrx_word' id='word_1_138' title='bbox 144 2315 174 2364; x_wconf 85' lang='lat' dir='ltr'><strong>nd</strong></span> <span class='ocrx_word' id='word_1_139' title='bbox 191 2315 237 2374; x_wconf 89' lang='grc'><strong>22,</strong></span> <span class='ocrx_word' id='word_1_140' title='bbox 254 2315 329 2365; x_wconf 88' lang='lat' dir='ltr'><strong>veluti</strong></span> <span class='ocrx_word' id='word_1_141' title='bbox 345 2315 465 2380; x_wconf 84' lang='lat' dir='ltr'><strong>integnnn</strong></span> <span class='ocrx_word' id='word_1_142' title='bbox 481 2331 574 2366; x_wconf 86' lang='lat' dir='ltr'><strong>eermeu</strong></span> <span class='ocrx_word' id='word_1_143' title='bbox 592 2317 689 2366; x_wconf 84' lang='lat' dir='ltr'><strong>Godioee</strong></span> <span class='ocrx_word' id='word_1_144' title='bbox 703 2318 822 2376; x_wconf 79' lang='lat' dir='ltr'><strong>referunt,</strong></span> <span class='ocrx_word' id='word_1_145' title='bbox 836 2316 1012 2382; x_wconf 89' lang='lat' dir='ltr'><strong>quodeequitur</strong></span> <span class='ocrx_word' id='word_1_146' title='bbox 1020 2316 1095 2368; x_wconf 84' lang='lat' dir='ltr'><strong>altere</strong></span> 
     </span>
     <span class='ocr_line' id='line_1_20' title="bbox 96 2396 1094 2464; baseline 0.003 -18"><span class='ocrx_word' id='word_1_147' title='bbox 96 2397 171 2463; x_wconf 79' lang='lat' dir='ltr'><strong>elegis</strong></span> <span class='ocrx_word' id='word_1_148' title='bbox 186 2397 260 2448; x_wconf 79' lang='lat' dir='ltr'><strong>Liber</strong></span> <span class='ocrx_word' id='word_1_149' title='bbox 277 2414 349 2448; x_wconf 71' lang='lat' dir='ltr'><strong>eram</strong></span> <span class='ocrx_word' id='word_1_150' title='bbox 375 2397 439 2446; x_wconf 85' lang='lat' dir='ltr'><strong>Mihi</strong></span> <span class='ocrx_word' id='word_1_151' title='bbox 456 2396 553 2447; x_wconf 89' lang='lat' dir='ltr'><strong>dubium</strong></span> <span class='ocrx_word' id='word_1_152' title='bbox 567 2414 614 2448; x_wconf 90' lang='lat' dir='ltr'><strong>nou</strong></span> <span class='ocrx_word' id='word_1_153' title='bbox 628 2402 665 2448; x_wconf 82' lang='lat' dir='ltr'><strong>eet</strong></span> <span class='ocrx_word' id='word_1_154' title='bbox 678 2399 721 2448; x_wconf 89' lang='lat' dir='ltr'><strong>boe</strong></span> <span class='ocrx_word' id='word_1_155' title='bbox 742 2413 824 2448; x_wconf 83' lang='lat' dir='ltr'><strong>verens</strong></span> <span class='ocrx_word' id='word_1_156' title='bbox 845 2399 875 2448; x_wconf 85' lang='lat' dir='ltr'><strong>ed</strong></span> <span class='ocrx_word' id='word_1_157' title='bbox 894 2414 967 2448; x_wconf 88' lang='lat' dir='ltr'><strong>unum</strong></span> <span class='ocrx_word' id='word_1_158' title='bbox 987 2397 1094 2464; x_wconf 90' lang='lat' dir='ltr'><strong>idemque</strong></span> 
     </span>
     <span class='ocr_line' id='line_1_21' title="bbox 97 2479 1092 2547; baseline 0.002 -17"><span class='ocrx_word' id='word_1_159' title='bbox 97 2495 181 2544; x_wconf 81' lang='lat' dir='ltr'><strong>poome</strong></span> <span class='ocrx_word' id='word_1_160' title='bbox 203 2479 327 2546; x_wconf 83' lang='lat' dir='ltr'><strong>pertinere.</strong></span> <span class='ocrx_word' id='word_1_161' title='bbox 360 2479 386 2529; x_wconf 88' lang='lat' dir='ltr'><strong>Si</strong></span> <span class='ocrx_word' id='word_1_162' title='bbox 408 2479 478 2530; x_wconf 84' lang='lat' dir='ltr'><strong>tolles</strong></span> <span class='ocrx_word' id='word_1_163' title='bbox 499 2480 670 2546; x_wconf 77' lang='lat' dir='ltr'><strong>pulebemimne</strong></span> <span class='ocrx_word' id='word_1_164' title='bbox 685 2482 774 2530; x_wconf 83' lang='lat' dir='ltr'><strong>iormse</strong></span> <span class='ocrx_word' id='word_1_165' title='bbox 790 2480 884 2540; x_wconf 84' lang='lat' dir='ltr'><strong>leudes,</strong></span> <span class='ocrx_word' id='word_1_166' title='bbox 901 2481 940 2530; x_wconf 86' lang='lat' dir='ltr'><strong>eui</strong></span> <span class='ocrx_word' id='word_1_167' title='bbox 955 2482 1092 2547; x_wconf 85' lang='lat' dir='ltr'><strong>respondet:</strong></span> 
     </span>
     <span class='ocr_line' id='line_1_22' title="bbox 98 2560 1093 2630; baseline 0.004 -20"><span class='ocrx_word' id='word_1_168' title='bbox 98 2562 149 2612; x_wconf 82' lang='lat' dir='ltr'><strong>Nee</strong></span> <span class='ocrx_word' id='word_1_169' title='bbox 158 2560 358 2627; x_wconf 60' lang='lat' dir='ltr'><strong>rusteinstein,</strong></span> <span class='ocrx_word' id='word_1_170' title='bbox 373 2562 645 2627; x_wconf 72' lang='lat' dir='ltr'><strong>quamoissitoasds&#39;da,</strong></span> <span class='ocrx_word' id='word_1_171' title='bbox 654 2563 730 2629; x_wconf 74' lang='lat' dir='ltr'><strong>cepit,</strong></span> <span class='ocrx_word' id='word_1_172' title='bbox 739 2561 835 2614; x_wconf 81' lang='lat' dir='ltr'><strong>hebebis</strong></span> <span class='ocrx_word' id='word_1_173' title='bbox 845 2562 991 2630; x_wconf 75' lang='lat' dir='ltr'><strong>praeclarum</strong></span> <span class='ocrx_word' id='word_1_174' title='bbox 1000 2563 1093 2630; x_wconf 81' lang='lat' dir='ltr'><strong>signnm</strong></span> 
     </span>
     <span class='ocr_line' id='line_1_23' title="bbox 99 2643 365 2711; baseline 0.004 -19"><span class='ocrx_word' id='word_1_175' title='bbox 99 2644 175 2711; x_wconf 80' lang='lat' dir='ltr'><strong>cupito</strong></span> <span class='ocrx_word' id='word_1_176' title='bbox 191 2643 365 2695; x_wconf 76' lang='lat' dir='ltr'><strong>obtruncatum.</strong></span> 
     </span>
    </p>
   </div>
   <div class='ocr_carea' id='block_1_10' title="bbox 150 2803 1125 3818">
    <p class='ocr_par' dir='ltr' id='par_1_11' title="bbox 150 2803 1125 3818">
     <span class='ocr_line' id='line_1_24' title="bbox 156 2803 912 2888; baseline 0.007 -23"><span class='ocrx_word' id='word_1_177' title='bbox 156 2803 238 2879; x_wconf 77' lang='lat' dir='ltr'><strong>„Qui</strong></span> <span class='ocrx_word' id='word_1_178' title='bbox 257 2807 368 2866; x_wconf 86' lang='lat' dir='ltr'><strong>nullum</strong></span> <span class='ocrx_word' id='word_1_179' title='bbox 388 2807 444 2866; x_wconf 86' lang='lat' dir='ltr'><strong>tibi</strong></span> <span class='ocrx_word' id='word_1_180' title='bbox 464 2805 583 2868; x_wconf 80' lang='lat' dir='ltr'><strong>dicebas</strong></span> <span class='ocrx_word' id='word_1_181' title='bbox 599 2807 664 2885; x_wconf 86' lang='lat' dir='ltr'><strong>jam</strong></span> <span class='ocrx_word' id='word_1_182' title='bbox 684 2823 771 2885; x_wconf 84' lang='lat' dir='ltr'><strong>posse</strong></span> <span class='ocrx_word' id='word_1_183' title='bbox 790 2824 912 2888; x_wconf 80' lang='lat' dir='ltr'><strong>nouere,</strong></span> 
     </span>
     <span class='ocr_line' id='line_1_25' title="bbox 196 2909 806 2996; baseline 0.003 -26"><span class='ocrx_word' id='word_1_184' title='bbox 196 2909 367 2990; x_wconf 71' lang='lat' dir='ltr'><strong>„Hses&#39;mti²</strong></span> <span class='ocrx_word' id='word_1_185' title='bbox 388 2910 495 2996; x_wconf 73' lang='lat' dir='ltr'><strong>cecidit</strong></span> <span class='ocrx_word' id='word_1_186' title='bbox 515 2912 637 2989; x_wconf 82' lang='lat' dir='ltr'><strong>spiritus</strong></span> <span class='ocrx_word' id='word_1_187' title='bbox 657 2913 708 2972; x_wconf 88' lang='lat' dir='ltr'><strong>illo</strong></span> <span class='ocrx_word' id='word_1_188' title='bbox 728 2915 806 2973; x_wconf 86' lang='lat' dir='ltr'><strong>tune.</strong></span> 
     </span>
     <span class='ocr_line' id='line_1_26' title="bbox 156 3010 985 3095; baseline 0.007 -26"><span class='ocrx_word' id='word_1_189' title='bbox 156 3010 240 3084; x_wconf 87' lang='lat' dir='ltr'><strong>„Vix</strong></span> <span class='ocrx_word' id='word_1_190' title='bbox 259 3029 350 3072; x_wconf 88' lang='lat' dir='ltr'><strong>unum</strong></span> <span class='ocrx_word' id='word_1_191' title='bbox 368 3017 469 3093; x_wconf 80' lang='lat' dir='ltr'><strong>potes,</strong></span> <span class='ocrx_word' id='word_1_192' title='bbox 490 3013 609 3094; x_wconf 83' lang='lat' dir='ltr'><strong>infelix,</strong></span> <span class='ocrx_word' id='word_1_193' title='bbox 630 3014 816 3091; x_wconf 78' lang='lat' dir='ltr'><strong>requiescere</strong></span> <span class='ocrx_word' id='word_1_194' title='bbox 835 3031 966 3078; x_wconf 84' lang='lat' dir='ltr'><strong>mensem</strong></span> <span class='ocrx_word' id='word_1_195' title='bbox 976 3061 985 3095; x_wconf 89' lang='lat'>,</span> 
     </span>
     <span class='ocr_line' id='line_1_27' title="bbox 194 3113 858 3194; baseline 0.008 -20"><span class='ocrx_word' id='word_1_196' title='bbox 194 3113 259 3189; x_wconf 84' lang='lat' dir='ltr'><strong>„Et</strong></span> <span class='ocrx_word' id='word_1_197' title='bbox 277 3115 372 3192; x_wconf 84' lang='lat' dir='ltr'><strong>turpis</strong></span> <span class='ocrx_word' id='word_1_198' title='bbox 392 3115 430 3176; x_wconf 88' lang='lat' dir='ltr'><strong>de</strong></span> <span class='ocrx_word' id='word_1_199' title='bbox 450 3119 480 3176; x_wconf 87' lang='lat' dir='ltr'><strong>te</strong></span> <span class='ocrx_word' id='word_1_200' title='bbox 495 3115 560 3194; x_wconf 84' lang='lat' dir='ltr'><strong>jem</strong></span> <span class='ocrx_word' id='word_1_201' title='bbox 580 3117 657 3178; x_wconf 91' lang='lat' dir='ltr'><strong>liber</strong></span> <span class='ocrx_word' id='word_1_202' title='bbox 676 3119 754 3178; x_wconf 80' lang='lat' dir='ltr'><strong>ultor</strong></span> <span class='ocrx_word' id='word_1_203' title='bbox 772 3117 858 3179; x_wconf 88' lang='lat' dir='ltr'><strong>erit.&#39;&#39;</strong></span> 
     </span>
     <span class='ocr_line' id='line_1_28' title="bbox 151 3215 1125 3302; baseline 0.009 -27"><span class='ocrx_word' id='word_1_204' title='bbox 151 3215 342 3278; x_wconf 85' lang='lat' dir='ltr'><strong>Liberorum</strong></span> <span class='ocrx_word' id='word_1_205' title='bbox 362 3222 392 3280; x_wconf 88' lang='lat' dir='ltr'><strong>ot</strong></span> <span class='ocrx_word' id='word_1_206' title='bbox 413 3237 504 3281; x_wconf 79' lang='lat' dir='ltr'><strong>vocuo</strong></span> <span class='ocrx_word' id='word_1_207' title='bbox 524 3219 690 3281; x_wconf 80' lang='lat' dir='ltr'><strong>meditobar</strong></span> <span class='ocrx_word' id='word_1_208' title='bbox 709 3220 811 3282; x_wconf 88' lang='lat' dir='ltr'><strong>vivero</strong></span> <span class='ocrx_word' id='word_1_209' title='bbox 831 3223 924 3302; x_wconf 80' lang='lat' dir='ltr'><strong>leet03</strong></span> <span class='ocrx_word' id='word_1_210' title='bbox 1105 3223 1125 3284; x_wconf 90' lang='lat'><strong>5</strong></span> 
     </span>
     <span class='ocr_line' id='line_1_29' title="bbox 190 3319 818 3401; baseline 0.01 -21"><span class='ocrx_word' id='word_1_211' title='bbox 190 3319 231 3381; x_wconf 84' lang='lat' dir='ltr'><strong>At</strong></span> <span class='ocrx_word' id='word_1_212' title='bbox 251 3339 297 3382; x_wconf 87' lang='lat' dir='ltr'><strong>me</strong></span> <span class='ocrx_word' id='word_1_213' title='bbox 318 3323 479 3400; x_wconf 80' lang='lat' dir='ltr'><strong>composita</strong></span> <span class='ocrx_word' id='word_1_214' title='bbox 497 3342 572 3401; x_wconf 78' lang='lat' dir='ltr'><strong>paee</strong></span> <span class='ocrx_word' id='word_1_215' title='bbox 591 3323 698 3385; x_wconf 84' lang='lat' dir='ltr'><strong>fefellit</strong></span> <span class='ocrx_word' id='word_1_216' title='bbox 718 3323 818 3386; x_wconf 89' lang='lat' dir='ltr'><strong>Amor.</strong></span> 
     </span>
     <span class='ocr_line' id='line_1_30' title="bbox 150 3424 838 3509; baseline 0.004 -23"><span class='ocrx_word' id='word_1_217' title='bbox 150 3424 335 3500; x_wconf 79' lang='lat' dir='ltr'><strong>Quaerebam</strong></span> <span class='ocrx_word' id='word_1_218' title='bbox 355 3427 434 3488; x_wconf 80' lang='lat' dir='ltr'><strong>siens</strong></span> <span class='ocrx_word' id='word_1_219' title='bbox 454 3427 481 3488; x_wconf 84' lang='lat' dir='ltr'><strong>ei</strong></span> <span class='ocrx_word' id='word_1_220' title='bbox 500 3431 601 3504; x_wconf 81' lang='lat' dir='ltr'><strong>posset</strong></span> <span class='ocrx_word' id='word_1_221' title='bbox 619 3429 710 3505; x_wconf 79' lang='lat' dir='ltr'><strong>piscis</strong></span> <span class='ocrx_word' id='word_1_222' title='bbox 730 3446 838 3509; x_wconf 79' lang='lat' dir='ltr'><strong>arena,</strong></span> 
     </span>
     <span class='ocr_line' id='line_1_31' title="bbox 189 3528 835 3612; baseline 0.005 -23"><span class='ocrx_word' id='word_1_223' title='bbox 189 3528 253 3590; x_wconf 86' lang='lat' dir='ltr'><strong>Neo</strong></span> <span class='ocrx_word' id='word_1_224' title='bbox 273 3531 377 3590; x_wconf 85' lang='lat' dir='ltr'><strong>solitus</strong></span> <span class='ocrx_word' id='word_1_225' title='bbox 395 3534 485 3607; x_wconf 90' lang='lat' dir='ltr'><strong>ponto</strong></span> <span class='ocrx_word' id='word_1_226' title='bbox 506 3531 607 3592; x_wconf 87' lang='lat' dir='ltr'><strong>vivero</strong></span> <span class='ocrx_word' id='word_1_227' title='bbox 628 3535 728 3593; x_wconf 82' lang='lat' dir='ltr'><strong>torvus</strong></span> <span class='ocrx_word' id='word_1_228' title='bbox 749 3550 835 3612; x_wconf 83' lang='lat' dir='ltr'><strong>opor,</strong></span> 
     </span>
     <span class='ocr_line' id='line_1_32' title="bbox 150 3629 889 3713; baseline 0.009 -22"><span class='ocrx_word' id='word_1_229' title='bbox 150 3629 212 3692; x_wconf 80' lang='lat' dir='ltr'><strong>Aut</strong></span> <span class='ocrx_word' id='word_1_230' title='bbox 232 3650 286 3709; x_wconf 84' lang='lat' dir='ltr'><strong>ego</strong></span> <span class='ocrx_word' id='word_1_231' title='bbox 307 3634 333 3693; x_wconf 88' lang='lat' dir='ltr'><strong>si</strong></span> <span class='ocrx_word' id='word_1_232' title='bbox 352 3653 469 3711; x_wconf 81' lang='lat' dir='ltr'><strong>possem</strong></span> <span class='ocrx_word' id='word_1_233' title='bbox 489 3636 596 3697; x_wconf 83' lang='lat' dir='ltr'><strong>studiis</strong></span> <span class='ocrx_word' id='word_1_234' title='bbox 615 3637 740 3713; x_wconf 80' lang='lat' dir='ltr'><strong>vigilare</strong></span> <span class='ocrx_word' id='word_1_235' title='bbox 760 3637 889 3698; x_wconf 84' lang='lat' dir='ltr'><strong>severis:</strong></span> 
     </span>
     <span class='ocr_line' id='line_1_33' title="bbox 191 3735 1124 3818; baseline 0.005 -23"><span class='ocrx_word' id='word_1_236' title='bbox 191 3735 347 3818; x_wconf 76' lang='lat' dir='ltr'><strong>Differtm,</strong></span> <span class='ocrx_word' id='word_1_237' title='bbox 367 3756 526 3815; x_wconf 85' lang='lat' dir='ltr'><strong>numquam</strong></span> <span class='ocrx_word' id='word_1_238' title='bbox 545 3740 657 3800; x_wconf 87' lang='lat' dir='ltr'><strong>tollitur</strong></span> <span class='ocrx_word' id='word_1_239' title='bbox 676 3740 754 3802; x_wconf 80' lang='lat' dir='ltr'><strong>ullus</strong></span> <span class='ocrx_word' id='word_1_240' title='bbox 774 3758 863 3802; x_wconf 82' lang='lat' dir='ltr'><strong>emor.</strong></span> <span class='ocrx_word' id='word_1_241' title='bbox 1084 3740 1124 3800; x_wconf 90' lang='lat'><strong>10</strong></span> 
     </span>
    </p>
   </div>
   <div class='ocr_carea' id='block_1_11' title="bbox 0 0 1322 4398">
    <p class='ocr_par' dir='ltr' id='par_1_12' title="bbox 0 0 1322 4398">
     <span class='ocr_line' id='line_1_34' title="bbox 0 0 1322 4398; baseline 0 0"><span class='ocrx_word' id='word_1_242' title='bbox 0 0 1322 4398; x_wconf 95' lang='lat' dir='ltr'><strong> </strong></span> 
     </span>
    </p>
   </div>
  </div>
 </body>
</html>
