<?xml version="1.0" encoding="UTF-8"?>
<!DOCTYPE html PUBLIC "-//W3C//DTD XHTML 1.0 Transitional//EN"
    "http://www.w3.org/TR/xhtml1/DTD/xhtml1-transitional.dtd">
<html xmlns="http://www.w3.org/1999/xhtml" xml:lang="en" lang="en">
 <head>
  <title>
</title>
<meta http-equiv="Content-Type" content="text/html;charset=utf-8" />
  <meta name='ocr-system' content='tesseract 3.04.00' />
  <meta name='ocr-capabilities' content='ocr_page ocr_carea ocr_par ocr_line ocrx_word'/>
</head>
<body>
  <div class='ocr_page' id='page_1' title='image "./cynthiacumlibro00carugoog_0299.png"; bbox 0 0 2642 4396; ppageno 0'>
   <div class='ocr_carea' id='block_1_1' title="bbox 665 328 724 387">
    <p class='ocr_par' dir='ltr' id='par_1_1' title="bbox 665 328 724 387">
     <span class='ocr_line' id='line_1_1' title="bbox 665 328 724 387; baseline 0.034 -2"><span class='ocrx_word' id='word_1_1' title='bbox 665 328 724 387; x_wconf 80' lang='lat'>230</span> 
     </span>
    </p>
   </div>
   <div class='ocr_carea' id='block_1_2' title="bbox 207 499 1243 3559">
    <p class='ocr_par' dir='ltr' id='par_1_2' title="bbox 268 499 1021 666">
     <span class='ocr_line' id='line_1_2' title="bbox 268 499 1021 581; baseline -0.001 -20"><span class='ocrx_word' id='word_1_2' title='bbox 268 499 327 561; x_wconf 83' lang='lat' dir='ltr'>Gur</span> <span class='ocrx_word' id='word_1_3' title='bbox 345 504 449 562; x_wconf 85' lang='lat' dir='ltr'>ventos</span> <span class='ocrx_word' id='word_1_4' title='bbox 468 519 527 562; x_wconf 93' lang='lat' dir='ltr'>non</span> <span class='ocrx_word' id='word_1_5' title='bbox 547 503 610 579; x_wconf 86' lang='lat' dir='ltr'>ipse</span> <span class='ocrx_word' id='word_1_6' title='bbox 630 504 726 581; x_wconf 84' lang='lat' dir='ltr'>rogis,</span> <span class='ocrx_word' id='word_1_7' title='bbox 746 503 875 580; x_wconf 86' lang='lat' dir='ltr'>ingrate,</span> <span class='ocrx_word' id='word_1_8' title='bbox 895 501 1021 578; x_wconf 79' lang='lat' dir='ltr'>petisti?</span> 
     </span>
     <span class='ocr_line' id='line_1_3' title="bbox 306 603 959 666; baseline -0.002 -1"><span class='ocrx_word' id='word_1_9' title='bbox 306 604 366 665; x_wconf 79' lang='lat' dir='ltr'>Gur</span> <span class='ocrx_word' id='word_1_10' title='bbox 385 605 476 665; x_wconf 89' lang='lat' dir='ltr'>narde</span> <span class='ocrx_word' id='word_1_11' title='bbox 496 604 631 664; x_wconf 83' lang='lat' dir='ltr'>flammae</span> <span class='ocrx_word' id='word_1_12' title='bbox 651 623 709 666; x_wconf 91' lang='lat' dir='ltr'>non</span> <span class='ocrx_word' id='word_1_13' title='bbox 731 606 829 666; x_wconf 89' lang='lat' dir='ltr'>cluere</span> <span class='ocrx_word' id='word_1_14' title='bbox 849 603 959 665; x_wconf 78' lang='lat' dir='ltr'>meae?</span> 
     </span>
    </p>

    <p class='ocr_par' dir='ltr' id='par_1_3' title="bbox 267 707 1099 889">
     <span class='ocr_line' id='line_1_4' title="bbox 267 707 1099 787; baseline 0 -19"><span class='ocrx_word' id='word_1_15' title='bbox 267 708 331 770; x_wconf 88' lang='lat' dir='ltr'>Hoc</span> <span class='ocrx_word' id='word_1_16' title='bbox 348 709 437 768; x_wconf 90' lang='lat' dir='ltr'>etiam</span> <span class='ocrx_word' id='word_1_17' title='bbox 456 727 547 785; x_wconf 86' lang='lat' dir='ltr'>grave</span> <span class='ocrx_word' id='word_1_18' title='bbox 568 713 646 787; x_wconf 87' lang='lat' dir='ltr'>erat,</span> <span class='ocrx_word' id='word_1_19' title='bbox 667 710 749 768; x_wconf 86' lang='lat' dir='ltr'>nulla</span> <span class='ocrx_word' id='word_1_20' title='bbox 768 709 902 770; x_wconf 91' lang='lat' dir='ltr'>mercede</span> <span class='ocrx_word' id='word_1_21' title='bbox 922 707 1099 784; x_wconf 70' lang='lat' dir='ltr'><strong>hyacinthos</strong></span> 
     </span>
     <span class='ocr_line' id='line_1_5' title="bbox 307 811 909 889; baseline 0.003 -19"><span class='ocrx_word' id='word_1_22' title='bbox 307 812 431 889; x_wconf 87' lang='lat' dir='ltr'>Iujicere</span> <span class='ocrx_word' id='word_1_23' title='bbox 451 816 481 872; x_wconf 90' lang='lat' dir='ltr'>et</span> <span class='ocrx_word' id='word_1_24' title='bbox 500 811 591 871; x_wconf 83' lang='lat' dir='ltr'>fracte</span> <span class='ocrx_word' id='word_1_25' title='bbox 610 812 698 872; x_wconf 78' lang='lat' dir='ltr'>busta</span> <span class='ocrx_word' id='word_1_26' title='bbox 717 812 799 888; x_wconf 91' lang='lat' dir='ltr'>piare</span> <span class='ocrx_word' id='word_1_27' title='bbox 820 811 909 872; x_wconf 83' lang='lat' dir='ltr'>cade!</span> 
     </span>
    </p>

    <p class='ocr_par' dir='ltr' id='par_1_4' title="bbox 270 911 1241 1090">
     <span class='ocr_line' id='line_1_6' title="bbox 270 911 1241 991; baseline -0.003 -18"><span class='ocrx_word' id='word_1_28' title='bbox 270 913 353 988; x_wconf 79' lang='lat' dir='ltr'>Quae</span> <span class='ocrx_word' id='word_1_29' title='bbox 373 914 458 974; x_wconf 89' lang='lat' dir='ltr'>modo</span> <span class='ocrx_word' id='word_1_30' title='bbox 477 932 530 991; x_wconf 85' lang='lat' dir='ltr'>per</span> <span class='ocrx_word' id='word_1_31' title='bbox 549 914 626 974; x_wconf 87' lang='lat' dir='ltr'>viles</span> <span class='ocrx_word' id='word_1_32' title='bbox 645 915 777 991; x_wconf 84' lang='lat' dir='ltr'>inspecta</span> <span class='ocrx_word' id='word_1_33' title='bbox 797 918 843 974; x_wconf 90' lang='lat' dir='ltr'>est</span> <span class='ocrx_word' id='word_1_34' title='bbox 863 913 980 990; x_wconf 85' lang='lat' dir='ltr'>publica</span> <span class='ocrx_word' id='word_1_35' title='bbox 998 915 1114 990; x_wconf 86' lang='lat' dir='ltr'>noctes,</span> <span class='ocrx_word' id='word_1_36' title='bbox 1205 911 1241 970; x_wconf 81' lang='lat'>35</span> 
     </span>
     <span class='ocr_line' id='line_1_7' title="bbox 308 1013 1019 1090; baseline 0.001 -19"><span class='ocrx_word' id='word_1_37' title='bbox 308 1014 390 1074; x_wconf 91' lang='lat' dir='ltr'>Haec</span> <span class='ocrx_word' id='word_1_38' title='bbox 409 1032 486 1074; x_wconf 89' lang='lat' dir='ltr'>nune</span> <span class='ocrx_word' id='word_1_39' title='bbox 506 1017 609 1074; x_wconf 81' lang='lat' dir='ltr'>aurata</span> <span class='ocrx_word' id='word_1_40' title='bbox 629 1014 751 1090; x_wconf 79' lang='lat' dir='ltr'>cyclade</span> <span class='ocrx_word' id='word_1_41' title='bbox 772 1015 870 1090; x_wconf 89' lang='lat' dir='ltr'>signat</span> <span class='ocrx_word' id='word_1_42' title='bbox 891 1013 1019 1074; x_wconf 91' lang='lat' dir='ltr'>humum.</span> 
     </span>
    </p>

    <p class='ocr_par' dir='ltr' id='par_1_5' title="bbox 268 1116 1161 1280">
     <span class='ocr_line' id='line_1_8' title="bbox 268 1116 1161 1194; baseline 0 -17"><span class='ocrx_word' id='word_1_43' title='bbox 268 1117 433 1193; x_wconf 79' lang='lat' dir='ltr'><strong>Nostraque</strong></span> <span class='ocrx_word' id='word_1_44' title='bbox 454 1117 532 1193; x_wconf 90' lang='lat' dir='ltr'>qued</span> <span class='ocrx_word' id='word_1_45' title='bbox 551 1118 655 1178; x_wconf 84' lang='lat' dir='ltr'>Petale</span> <span class='ocrx_word' id='word_1_46' title='bbox 676 1119 744 1177; x_wconf 89' lang='lat' dir='ltr'>tulit</span> <span class='ocrx_word' id='word_1_47' title='bbox 766 1116 804 1177; x_wconf 89' lang='lat' dir='ltr'>ad</span> <span class='ocrx_word' id='word_1_48' title='bbox 825 1118 1002 1177; x_wconf 88' lang='lat' dir='ltr'>monimenta</span> <span class='ocrx_word' id='word_1_49' title='bbox 1021 1133 1161 1194; x_wconf 82' lang='lat' dir='ltr'>coronas,</span> 
     </span>
     <span class='ocr_line' id='line_1_9' title="bbox 307 1218 937 1280; baseline 0.003 -2"><span class='ocrx_word' id='word_1_50' title='bbox 307 1218 423 1280; x_wconf 83' lang='lat' dir='ltr'>Oedicis</span> <span class='ocrx_word' id='word_1_51' title='bbox 443 1220 585 1280; x_wconf 85' lang='lat' dir='ltr'><strong>immundi</strong></span> <span class='ocrx_word' id='word_1_52' title='bbox 604 1220 722 1280; x_wconf 89' lang='lat' dir='ltr'>vincula</span> <span class='ocrx_word' id='word_1_53' title='bbox 742 1220 831 1280; x_wconf 82' lang='lat' dir='ltr'>sentit</span> <span class='ocrx_word' id='word_1_54' title='bbox 854 1237 937 1280; x_wconf 85' lang='lat' dir='ltr'>enus.</span> 
     </span>
    </p>

    <p class='ocr_par' dir='ltr' id='par_1_6' title="bbox 267 1322 1243 1505">
     <span class='ocr_line' id='line_1_10' title="bbox 267 1322 1006 1401; baseline 0 -19"><span class='ocrx_word' id='word_1_55' title='bbox 267 1322 407 1384; x_wconf 75' lang='lat' dir='ltr'>Caeditur</span> <span class='ocrx_word' id='word_1_56' title='bbox 426 1328 456 1384; x_wconf 89' lang='lat' dir='ltr'>et</span> <span class='ocrx_word' id='word_1_57' title='bbox 475 1324 587 1400; x_wconf 80' lang='lat' dir='ltr'>Lalage</span> <span class='ocrx_word' id='word_1_58' title='bbox 607 1324 691 1385; x_wconf 86' lang='lat' dir='ltr'>tortis</span> <span class='ocrx_word' id='word_1_59' title='bbox 711 1341 854 1400; x_wconf 86' lang='lat' dir='ltr'>suspensa</span> <span class='ocrx_word' id='word_1_60' title='bbox 874 1323 1006 1401; x_wconf 81' lang='lat' dir='ltr'>capillis,</span> 
     </span>
     <span class='ocr_line' id='line_1_11' title="bbox 307 1425 1243 1505; baseline -0.001 -21"><span class='ocrx_word' id='word_1_61' title='bbox 307 1425 366 1484; x_wconf 91' lang='lat' dir='ltr'>Per</span> <span class='ocrx_word' id='word_1_62' title='bbox 384 1443 489 1486; x_wconf 92' lang='lat' dir='ltr'>nomen</span> <span class='ocrx_word' id='word_1_63' title='bbox 508 1427 646 1502; x_wconf 84' lang='lat' dir='ltr'>quoniam</span> <span class='ocrx_word' id='word_1_64' title='bbox 667 1430 712 1487; x_wconf 92' lang='lat' dir='ltr'>est</span> <span class='ocrx_word' id='word_1_65' title='bbox 732 1443 804 1486; x_wconf 81' lang='lat' dir='ltr'>ausa</span> <span class='ocrx_word' id='word_1_66' title='bbox 823 1444 926 1502; x_wconf 86' lang='lat' dir='ltr'>rogare</span> <span class='ocrx_word' id='word_1_67' title='bbox 945 1444 1058 1505; x_wconf 79' lang='lat' dir='ltr'>meum3</span> <span class='ocrx_word' id='word_1_68' title='bbox 1203 1427 1243 1484; x_wconf 90' lang='grc'>40</span> 
     </span>
    </p>

    <p class='ocr_par' dir='ltr' id='par_1_7' title="bbox 207 1528 1025 1708">
     <span class='ocr_line' id='line_1_12' title="bbox 207 1528 1025 1607; baseline -0.004 -17"><span class='ocrx_word' id='word_1_69' title='bbox 207 1586 210 1590; x_wconf 86' lang='grc'><em>,</em></span> <span class='ocrx_word' id='word_1_70' title='bbox 267 1529 307 1589; x_wconf 81' lang='lat' dir='ltr'>Et</span> <span class='ocrx_word' id='word_1_71' title='bbox 326 1530 461 1605; x_wconf 86' lang='lat' dir='ltr'>graviora</span> <span class='ocrx_word' id='word_1_72' title='bbox 481 1528 615 1607; x_wconf 89' lang='lat' dir='ltr'>rependit</span> <span class='ocrx_word' id='word_1_73' title='bbox 634 1528 744 1605; x_wconf 90' lang='lat' dir='ltr'>iniquis</span> <span class='ocrx_word' id='word_1_74' title='bbox 764 1547 857 1605; x_wconf 87' lang='lat' dir='ltr'>pense</span> <span class='ocrx_word' id='word_1_75' title='bbox 877 1529 1025 1607; x_wconf 81' lang='lat' dir='ltr'>quasillis,</span> 
     </span>
     <span class='ocr_line' id='line_1_13' title="bbox 308 1631 991 1708; baseline 0 -17"><span class='ocrx_word' id='word_1_76' title='bbox 308 1631 433 1691; x_wconf 82' lang='lat' dir='ltr'>Garmla</span> <span class='ocrx_word' id='word_1_77' title='bbox 453 1632 490 1692; x_wconf 90' lang='lat' dir='ltr'>de</span> <span class='ocrx_word' id='word_1_78' title='bbox 511 1632 585 1693; x_wconf 86' lang='lat' dir='ltr'>facie</span> <span class='ocrx_word' id='word_1_79' title='bbox 607 1634 633 1693; x_wconf 87' lang='lat' dir='ltr'>si</span> <span class='ocrx_word' id='word_1_80' title='bbox 654 1650 713 1708; x_wconf 88' lang='lat' dir='ltr'>qua</span> <span class='ocrx_word' id='word_1_81' title='bbox 732 1634 831 1693; x_wconf 89' lang='lat' dir='ltr'>locuta</span> <span class='ocrx_word' id='word_1_82' title='bbox 850 1651 917 1693; x_wconf 89' lang='lat' dir='ltr'>mea</span> <span class='ocrx_word' id='word_1_83' title='bbox 938 1636 991 1692; x_wconf 84' lang='lat' dir='ltr'>est</span> 
     </span>
    </p>

    <p class='ocr_par' dir='ltr' id='par_1_8' title="bbox 270 1735 1023 1918">
     <span class='ocr_line' id='line_1_14' title="bbox 270 1735 1023 1814; baseline 0.004 -21"><span class='ocrx_word' id='word_1_84' title='bbox 270 1735 315 1794; x_wconf 83' lang='lat' dir='ltr'>Te</span> <span class='ocrx_word' id='word_1_85' title='bbox 334 1735 465 1812; x_wconf 85' lang='lat' dir='ltr'>patiente</span> <span class='ocrx_word' id='word_1_86' title='bbox 486 1754 569 1796; x_wconf 89' lang='lat' dir='ltr'>meae</span> <span class='ocrx_word' id='word_1_87' title='bbox 590 1736 728 1796; x_wconf 85' lang='lat' dir='ltr'>conflavit</span> <span class='ocrx_word' id='word_1_88' title='bbox 748 1737 885 1812; x_wconf 79' lang='lat' dir='ltr'>imaginis</span> <span class='ocrx_word' id='word_1_89' title='bbox 904 1754 1023 1814; x_wconf 87' lang='lat' dir='ltr'>aurum,</span> 
     </span>
     <span class='ocr_line' id='line_1_15' title="bbox 307 1837 996 1918; baseline 0.004 -21"><span class='ocrx_word' id='word_1_90' title='bbox 307 1837 438 1898; x_wconf 89' lang='lat' dir='ltr'>Ardeute</span> <span class='ocrx_word' id='word_1_91' title='bbox 458 1856 475 1899; x_wconf 90' lang='lat' dir='ltr'>e</span> <span class='ocrx_word' id='word_1_92' title='bbox 495 1844 594 1899; x_wconf 88' lang='lat' dir='ltr'>nostre</span> <span class='ocrx_word' id='word_1_93' title='bbox 614 1840 711 1899; x_wconf 83' lang='lat' dir='ltr'>dotem</span> <span class='ocrx_word' id='word_1_94' title='bbox 731 1839 869 1900; x_wconf 87' lang='lat' dir='ltr'>habitura</span> <span class='ocrx_word' id='word_1_95' title='bbox 888 1857 966 1918; x_wconf 87' lang='lat' dir='ltr'>roge.</span> <span class='ocrx_word' id='word_1_96' title='bbox 990 1837 996 1845; x_wconf 81' lang='grc'><strong>“</strong></span> 
     </span>
    </p>

    <p class='ocr_par' dir='ltr' id='par_1_9' title="bbox 268 1942 1240 2122">
     <span class='ocr_line' id='line_1_16' title="bbox 268 1942 1240 2020; baseline 0 -19"><span class='ocrx_word' id='word_1_97' title='bbox 268 1942 335 2002; x_wconf 83' lang='grc' dir='ltr'>Νοιι</span> <span class='ocrx_word' id='word_1_98' title='bbox 354 1945 453 2001; x_wconf 89' lang='lat' dir='ltr'>tamen</span> <span class='ocrx_word' id='word_1_99' title='bbox 473 1943 613 2020; x_wconf 83' lang='lat' dir='ltr'>insector,</span> <span class='ocrx_word' id='word_1_100' title='bbox 635 1944 771 2018; x_wconf 87' lang='lat' dir='ltr'>quemvis</span> <span class='ocrx_word' id='word_1_101' title='bbox 790 1961 936 2020; x_wconf 86' lang='lat' dir='ltr'>mereare,</span> <span class='ocrx_word' id='word_1_102' title='bbox 957 1944 1106 2020; x_wconf 88' lang='lat' dir='ltr'>Properti:</span> <span class='ocrx_word' id='word_1_103' title='bbox 1202 1944 1240 2002; x_wconf 87' lang='grc'>45</span> 
     </span>
     <span class='ocr_line' id='line_1_17' title="bbox 308 2045 949 2122; baseline 0.006 -20"><span class='ocrx_word' id='word_1_104' title='bbox 308 2045 412 2120; x_wconf 86' lang='lat' dir='ltr'>Longa</span> <span class='ocrx_word' id='word_1_105' title='bbox 430 2062 496 2105; x_wconf 91' lang='lat' dir='ltr'>mea</span> <span class='ocrx_word' id='word_1_106' title='bbox 516 2045 547 2104; x_wconf 93' lang='lat' dir='ltr'>iu</span> <span class='ocrx_word' id='word_1_107' title='bbox 566 2045 650 2105; x_wconf 85' lang='lat' dir='ltr'>libris</span> <span class='ocrx_word' id='word_1_108' title='bbox 669 2063 761 2122; x_wconf 86' lang='lat' dir='ltr'>regna</span> <span class='ocrx_word' id='word_1_109' title='bbox 781 2045 862 2106; x_wconf 86' lang='lat' dir='ltr'>fuere</span> <span class='ocrx_word' id='word_1_110' title='bbox 882 2047 949 2106; x_wconf 91' lang='lat' dir='ltr'>tuis.</span> 
     </span>
    </p>

    <p class='ocr_par' dir='ltr' id='par_1_10' title="bbox 269 2147 1026 2332">
     <span class='ocr_line' id='line_1_18' title="bbox 269 2147 1026 2226; baseline 0.001 -19"><span class='ocrx_word' id='word_1_111' title='bbox 269 2147 440 2224; x_wconf 85' lang='lat' dir='ltr'>Lygdamus</span> <span class='ocrx_word' id='word_1_112' title='bbox 459 2154 576 2226; x_wconf 83' lang='lat' dir='ltr'>uratur,</span> <span class='ocrx_word' id='word_1_113' title='bbox 598 2148 755 2210; x_wconf 85' lang='lat' dir='ltr'>candescat</span> <span class='ocrx_word' id='word_1_114' title='bbox 774 2150 884 2209; x_wconf 89' lang='lat' dir='ltr'>lamina</span> <span class='ocrx_word' id='word_1_115' title='bbox 903 2167 1026 2209; x_wconf 89' lang='lat' dir='ltr'>vernae:</span> 
     </span>
     <span class='ocr_line' id='line_1_19' title="bbox 309 2251 1001 2332; baseline -0.001 -21"><span class='ocrx_word' id='word_1_116' title='bbox 309 2251 394 2312; x_wconf 80' lang='lat' dir='ltr'>Sensi</span> <span class='ocrx_word' id='word_1_117' title='bbox 415 2269 485 2328; x_wconf 81' lang='lat' dir='ltr'>ego:</span> <span class='ocrx_word' id='word_1_118' title='bbox 508 2255 538 2310; x_wconf 84' lang='lat' dir='ltr'>tu</span> <span class='ocrx_word' id='word_1_119' title='bbox 558 2251 674 2332; x_wconf 89' lang='lat' dir='ltr'>insidiis</span> <span class='ocrx_word' id='word_1_120' title='bbox 692 2252 806 2328; x_wconf 86' lang='lat' dir='ltr'>pallida</span> <span class='ocrx_word' id='word_1_121' title='bbox 825 2253 895 2312; x_wconf 89' lang='lat' dir='ltr'>vina</span> <span class='ocrx_word' id='word_1_122' title='bbox 914 2252 1001 2313; x_wconf 89' lang='lat' dir='ltr'>bibis.</span> 
     </span>
    </p>

    <p class='ocr_par' dir='ltr' id='par_1_11' title="bbox 269 2353 972 2533">
     <span class='ocr_line' id='line_1_20' title="bbox 269 2353 972 2416; baseline 0.003 -2"><span class='ocrx_word' id='word_1_123' title='bbox 269 2353 309 2415; x_wconf 79' lang='lat' dir='ltr'>ut</span> <span class='ocrx_word' id='word_1_124' title='bbox 328 2356 439 2416; x_wconf 86' lang='lat' dir='ltr'>Nomas</span> <span class='ocrx_word' id='word_1_125' title='bbox 460 2363 582 2416; x_wconf 86' lang='lat' dir='ltr'>e&#39;rcanas</span> <span class='ocrx_word' id='word_1_126' title='bbox 602 2357 687 2416; x_wconf 85' lang='lat' dir='ltr'>tollet</span> <span class='ocrx_word' id='word_1_127' title='bbox 706 2360 826 2416; x_wconf 87' lang='lat' dir='ltr'>versute</span> <span class='ocrx_word' id='word_1_128' title='bbox 846 2357 972 2416; x_wconf 76' lang='lat' dir='ltr'>salivas:</span> 
     </span>
     <span class='ocr_line' id='line_1_21' title="bbox 308 2457 915 2533; baseline 0 -16"><span class='ocrx_word' id='word_1_129' title='bbox 308 2457 403 2517; x_wconf 90' lang='lat' dir='ltr'>Ducet</span> <span class='ocrx_word' id='word_1_130' title='bbox 423 2457 576 2516; x_wconf 85' lang='lat' dir='ltr'>damnatas</span> <span class='ocrx_word' id='word_1_131' title='bbox 596 2457 685 2533; x_wconf 86' lang='lat' dir='ltr'>ignea</span> <span class='ocrx_word' id='word_1_132' title='bbox 705 2461 783 2517; x_wconf 81' lang='lat' dir='ltr'>teste</span> <span class='ocrx_word' id='word_1_133' title='bbox 802 2475 915 2519; x_wconf 83' lang='lat' dir='ltr'>manus.</span> 
     </span>
    </p>

    <p class='ocr_par' dir='ltr' id='par_1_12' title="bbox 267 2559 1073 2743">
     <span class='ocr_line' id='line_1_22' title="bbox 267 2559 986 2635; baseline 0.001 -16"><span class='ocrx_word' id='word_1_134' title='bbox 267 2560 338 2620; x_wconf 86' lang='lat' dir='ltr'>Jurc</span> <span class='ocrx_word' id='word_1_135' title='bbox 359 2577 414 2635; x_wconf 87' lang='lat' dir='ltr'>ege</span> <span class='ocrx_word' id='word_1_136' title='bbox 433 2559 572 2620; x_wconf 83' lang='lat' dir='ltr'>Fatorum</span> <span class='ocrx_word' id='word_1_137' title='bbox 592 2559 666 2620; x_wconf 95' lang='lat' dir='ltr'>nulli</span> <span class='ocrx_word' id='word_1_138' title='bbox 686 2560 848 2621; x_wconf 86' lang='lat' dir='ltr'>revolubile</span> <span class='ocrx_word' id='word_1_139' title='bbox 869 2579 986 2622; x_wconf 91' lang='lat' dir='ltr'>carmen</span> 
     </span>
     <span class='ocr_line' id='line_1_23' title="bbox 308 2662 1073 2743; baseline 0.001 -20"><span class='ocrx_word' id='word_1_140' title='bbox 308 2662 573 2743; x_wconf 86' lang='lat' dir='ltr'>(Tergeminusque</span> <span class='ocrx_word' id='word_1_141' title='bbox 593 2663 675 2724; x_wconf 87' lang='lat' dir='ltr'>canis</span> <span class='ocrx_word' id='word_1_142' title='bbox 696 2664 739 2724; x_wconf 89' lang='lat' dir='ltr'>sic</span> <span class='ocrx_word' id='word_1_143' title='bbox 758 2663 831 2724; x_wconf 95' lang='lat' dir='ltr'>mihi</span> <span class='ocrx_word' id='word_1_144' title='bbox 851 2666 939 2725; x_wconf 90' lang='lat' dir='ltr'>melle</span> <span class='ocrx_word' id='word_1_145' title='bbox 959 2664 1073 2743; x_wconf 87' lang='lat' dir='ltr'>senet),</span> 
     </span>
    </p>

    <p class='ocr_par' dir='ltr' id='par_1_13' title="bbox 269 2766 1005 2948">
     <span class='ocr_line' id='line_1_24' title="bbox 269 2766 1005 2847; baseline 0.004 -22"><span class='ocrx_word' id='word_1_146' title='bbox 269 2766 316 2828; x_wconf 89' lang='lat' dir='ltr'>lde</span> <span class='ocrx_word' id='word_1_147' title='bbox 337 2784 471 2828; x_wconf 87' lang='lat' dir='ltr'>servasse</span> <span class='ocrx_word' id='word_1_148' title='bbox 491 2766 586 2828; x_wconf 91' lang='lat' dir='ltr'>fidem.</span> <span class='ocrx_word' id='word_1_149' title='bbox 615 2767 646 2827; x_wconf 89' lang='lat' dir='ltr'>Si</span> <span class='ocrx_word' id='word_1_150' title='bbox 667 2767 754 2847; x_wconf 85' lang='lat' dir='ltr'>falle,</span> <span class='ocrx_word' id='word_1_151' title='bbox 775 2769 878 2845; x_wconf 86' lang='lat' dir='ltr'>vipera</span> <span class='ocrx_word' id='word_1_152' title='bbox 898 2769 1005 2830; x_wconf 86' lang='lat' dir='ltr'>nostrie</span> 
     </span>
     <span class='ocr_line' id='line_1_25' title="bbox 309 2855 967 2948; baseline 0.005 -19"><span class='ocrx_word' id='word_1_153' title='bbox 309 2869 415 2930; x_wconf 85' lang='lat' dir='ltr'>Sibilet</span> <span class='ocrx_word' id='word_1_154' title='bbox 434 2870 466 2929; x_wconf 91' lang='lat' dir='ltr'>in</span> <span class='ocrx_word' id='word_1_155' title='bbox 485 2871 605 2931; x_wconf 89' lang='lat' dir='ltr'>tumulis</span> <span class='ocrx_word' id='word_1_156' title='bbox 627 2876 656 2932; x_wconf 86' lang='lat' dir='ltr'>et</span> <span class='ocrx_word' id='word_1_157' title='bbox 676 2889 764 2948; x_wconf 85' lang='lat' dir='ltr'>super</span> <span class='ocrx_word' id='word_1_158' title='bbox 784 2889 852 2932; x_wconf 86' lang='lat' dir='ltr'>essa</span> <span class='ocrx_word' id='word_1_159' title='bbox 872 2855 967 2933; x_wconf 88' lang='lat' dir='ltr'>cubet.</span> 
     </span>
    </p>

    <p class='ocr_par' dir='ltr' id='par_1_14' title="bbox 270 2973 1241 3154">
     <span class='ocr_line' id='line_1_26' title="bbox 270 2973 1241 3051; baseline 0.001 -18"><span class='ocrx_word' id='word_1_160' title='bbox 270 2973 333 3034; x_wconf 90' lang='lat' dir='ltr'>Nec</span> <span class='ocrx_word' id='word_1_161' title='bbox 353 2978 385 3033; x_wconf 90' lang='lat' dir='ltr'>tu</span> <span class='ocrx_word' id='word_1_162' title='bbox 405 2986 509 3049; x_wconf 86' lang='lat' dir='ltr'>sperne</span> <span class='ocrx_word' id='word_1_163' title='bbox 529 2975 587 3050; x_wconf 87' lang='lat' dir='ltr'>piis</span> <span class='ocrx_word' id='word_1_164' title='bbox 607 2975 757 3035; x_wconf 86' lang='lat' dir='ltr'>venientia</span> <span class='ocrx_word' id='word_1_165' title='bbox 777 2974 890 3035; x_wconf 88' lang='lat' dir='ltr'>somnia</span> <span class='ocrx_word' id='word_1_166' title='bbox 909 2975 1017 3051; x_wconf 84' lang='lat' dir='ltr'>pertis:</span> <span class='ocrx_word' id='word_1_167' title='bbox 1204 2974 1241 3035; x_wconf 82' lang='lat'>55</span> 
     </span>
     <span class='ocr_line' id='line_1_27' title="bbox 310 3074 1035 3154; baseline 0.001 -20"><span class='ocrx_word' id='word_1_168' title='bbox 310 3074 383 3135; x_wconf 83' lang='lat' dir='ltr'>Oum</span> <span class='ocrx_word' id='word_1_169' title='bbox 403 3075 454 3152; x_wconf 86' lang='lat' dir='ltr'>pia</span> <span class='ocrx_word' id='word_1_170' title='bbox 472 3081 614 3136; x_wconf 88' lang='lat' dir='ltr'>venerunt</span> <span class='ocrx_word' id='word_1_171' title='bbox 634 3076 761 3154; x_wconf 85' lang='lat' dir='ltr'>somnia,</span> <span class='ocrx_word' id='word_1_172' title='bbox 782 3077 896 3152; x_wconf 86' lang='lat' dir='ltr'>pondus</span> <span class='ocrx_word' id='word_1_173' title='bbox 916 3077 1035 3138; x_wconf 84' lang='lat' dir='ltr'>habeut.</span> 
     </span>
    </p>

    <p class='ocr_par' dir='ltr' id='par_1_15' title="bbox 269 3176 1130 3356">
     <span class='ocr_line' id='line_1_28' title="bbox 269 3176 1130 3259; baseline 0.002 -22"><span class='ocrx_word' id='word_1_174' title='bbox 269 3178 362 3237; x_wconf 87' lang='lat' dir='ltr'>Necte</span> <span class='ocrx_word' id='word_1_175' title='bbox 381 3194 476 3252; x_wconf 84' lang='lat' dir='ltr'>vagae</span> <span class='ocrx_word' id='word_1_176' title='bbox 496 3176 630 3257; x_wconf 81' lang='lat' dir='ltr'>ferimur3</span> <span class='ocrx_word' id='word_1_177' title='bbox 652 3197 710 3238; x_wconf 86' lang='lat' dir='ltr'>nex</span> <span class='ocrx_word' id='word_1_178' title='bbox 731 3179 846 3238; x_wconf 88' lang='lat' dir='ltr'>clausas</span> <span class='ocrx_word' id='word_1_179' title='bbox 866 3179 974 3238; x_wconf 89' lang='lat' dir='ltr'>liberat</span> <span class='ocrx_word' id='word_1_180' title='bbox 993 3178 1130 3259; x_wconf 83' lang='lat' dir='ltr'>umbres3</span> 
     </span>
     <span class='ocr_line' id='line_1_29' title="bbox 308 3277 927 3356; baseline 0.008 -21"><span class='ocrx_word' id='word_1_181' title='bbox 308 3277 397 3336; x_wconf 83' lang='lat' dir='ltr'>Errat</span> <span class='ocrx_word' id='word_1_182' title='bbox 417 3282 447 3337; x_wconf 93' lang='lat' dir='ltr'>et</span> <span class='ocrx_word' id='word_1_183' title='bbox 466 3279 581 3354; x_wconf 88' lang='lat' dir='ltr'>abjecta</span> <span class='ocrx_word' id='word_1_184' title='bbox 601 3278 745 3340; x_wconf 80' lang='lat' dir='ltr'>Oerbcrus</span> <span class='ocrx_word' id='word_1_185' title='bbox 767 3281 831 3356; x_wconf 85' lang='lat' dir='ltr'>ipse</span> <span class='ocrx_word' id='word_1_186' title='bbox 851 3298 927 3340; x_wconf 84' lang='lat' dir='ltr'>sera.</span> 
     </span>
    </p>

    <p class='ocr_par' dir='ltr' id='par_1_16' title="bbox 270 3379 1241 3559">
     <span class='ocr_line' id='line_1_30' title="bbox 270 3379 1020 3460; baseline 0.007 -20"><span class='ocrx_word' id='word_1_187' title='bbox 270 3380 350 3440; x_wconf 86' lang='lat' dir='ltr'>Luce</span> <span class='ocrx_word' id='word_1_188' title='bbox 366 3379 472 3456; x_wconf 91' lang='lat' dir='ltr'>jubent</span> <span class='ocrx_word' id='word_1_189' title='bbox 492 3380 573 3456; x_wconf 87' lang='lat' dir='ltr'>leges</span> <span class='ocrx_word' id='word_1_190' title='bbox 593 3382 707 3443; x_wconf 89' lang='lat' dir='ltr'>Lethea</span> <span class='ocrx_word' id='word_1_191' title='bbox 728 3383 766 3442; x_wconf 90' lang='lat' dir='ltr'>ad</span> <span class='ocrx_word' id='word_1_192' title='bbox 787 3387 892 3460; x_wconf 89' lang='lat' dir='ltr'>stagna</span> <span class='ocrx_word' id='word_1_193' title='bbox 912 3384 1020 3444; x_wconf 87' lang='lat' dir='ltr'>reverti</span> 
     </span>
     <span class='ocr_line' id='line_1_31' title="bbox 307 3469 1241 3559; baseline 0.006 -20"><span class='ocrx_word' id='word_1_194' title='bbox 307 3480 369 3540; x_wconf 88' lang='lat' dir='ltr'>Nes</span> <span class='ocrx_word' id='word_1_195' title='bbox 389 3479 536 3559; x_wconf 83' lang='lat' dir='ltr'>vehimur3</span> <span class='ocrx_word' id='word_1_196' title='bbox 557 3499 672 3544; x_wconf 86' lang='lat' dir='ltr'>vectum</span> <span class='ocrx_word' id='word_1_197' title='bbox 692 3489 783 3544; x_wconf 88' lang='lat' dir='ltr'>nauta</span> <span class='ocrx_word' id='word_1_198' title='bbox 802 3469 935 3546; x_wconf 84' lang='lat' dir='ltr'>recenset</span> <span class='ocrx_word' id='word_1_199' title='bbox 955 3503 1038 3546; x_wconf 89' lang='lat' dir='ltr'>enus.</span> <span class='ocrx_word' id='word_1_200' title='bbox 1202 3488 1241 3546; x_wconf 85' lang='grc'>60</span> 
     </span>
    </p>
   </div>
   <div class='ocr_carea' id='block_1_3' title="bbox 269 3583 1141 3766">
    <p class='ocr_par' dir='ltr' id='par_1_17' title="bbox 269 3583 1141 3766">
     <span class='ocr_line' id='line_1_32' title="bbox 269 3583 1141 3666; baseline 0.007 -24"><span class='ocrx_word' id='word_1_201' title='bbox 269 3583 347 3642; x_wconf 86' lang='lat' dir='ltr'>Nam</span> <span class='ocrx_word' id='word_1_202' title='bbox 367 3583 484 3660; x_wconf 83' lang='lat' dir='ltr'>gemine¹</span> <span class='ocrx_word' id='word_1_203' title='bbox 504 3589 549 3645; x_wconf 88' lang='lat' dir='ltr'>est</span> <span class='ocrx_word' id='word_1_204' title='bbox 568 3587 653 3647; x_wconf 85' lang='lat' dir='ltr'>sedes</span> <span class='ocrx_word' id='word_1_205' title='bbox 674 3592 787 3666; x_wconf 86' lang='lat' dir='ltr'>turpem</span> <span class='ocrx_word' id='word_1_206' title='bbox 808 3590 911 3650; x_wconf 87' lang='lat' dir='ltr'>sortita</span> <span class='ocrx_word' id='word_1_207' title='bbox 931 3608 984 3666; x_wconf 86' lang='lat' dir='ltr'>per</span> <span class='ocrx_word' id='word_1_208' title='bbox 1005 3606 1141 3666; x_wconf 90' lang='lat' dir='ltr'>amnem,</span> 
     </span>
     <span class='ocr_line' id='line_1_33' title="bbox 309 3683 970 3766; baseline 0.014 -25"><span class='ocrx_word' id='word_1_209' title='bbox 309 3683 467 3760; x_wconf 82' lang='lat' dir='ltr'>Turbaque</span> <span class='ocrx_word' id='word_1_210' title='bbox 488 3686 605 3748; x_wconf 86' lang='lat' dir='ltr'>diversa</span> <span class='ocrx_word' id='word_1_211' title='bbox 624 3690 749 3765; x_wconf 87' lang='lat' dir='ltr'>remigat</span> <span class='ocrx_word' id='word_1_212' title='bbox 769 3691 862 3750; x_wconf 90' lang='lat' dir='ltr'>cmuis</span> <span class='ocrx_word' id='word_1_213' title='bbox 884 3708 970 3766; x_wconf 86' lang='lat' dir='ltr'>equa.</span> 
     </span>
    </p>
   </div>
   <div class='ocr_carea' id='block_1_4' title="bbox 0 0 1326 4396">
    <p class='ocr_par' dir='ltr' id='par_1_18' title="bbox 0 0 1326 4396">
     <span class='ocr_line' id='line_1_34' title="bbox 0 0 1326 4396; baseline 0 0"><span class='ocrx_word' id='word_1_214' title='bbox 0 0 1326 4396; x_wconf 95' lang='lat' dir='ltr'> </span> 
     </span>
    </p>
   </div>
  </div>
 </body>
</html>
