2624 4398
549 332 588 390 83

134 502 176 564 ut
190 502 255 580 jam
276 503 302 564 si
322 519 442 582 pecces,
463 501 536 564 deus
557 503 716 566 exorabilis
737 505 788 565 iile
809 510 874 586 est,
1075 511 1114 574 15

177 603 209 665 Si
230 605 315 666 modo
334 611 504 684 praesentes
524 605 633 667 viderit
653 623 719 668 esse
738 627 854 687 preces.

135 707 203 768 Una
223 711 390 769 contentum
409 709 520 789 pudeat
540 727 587 770 me
607 710 710 772 vivere
731 713 852 775 amica?

176 813 240 876 Hoc
260 814 287 874 si
306 814 416 874 crimen
437 814 509 893 erit,
531 814 642 874 crimen
661 813 779 879 Amoris
800 817 866 880 erit.

135 916 198 978 Ista
217 933 303 979 senes
322 917 393 979 licet
412 924 551 980 accusent
571 919 707 980 convivia
728 920 811 1001 duri,

174 1021 238 1082 Nos
257 1022 343 1084 modo
362 1023 559 1102 proposibrm,
579 1023 659 1101 vita,
680 1028 810 1087 teramus
830 1026 895 1088 iter.
1071 1030 1113 1090 20

134 1125 255 1186 lllornm
276 1126 406 1203 antiquis
425 1130 584 1187 onerantur
604 1126 720 1203 legibus
741 1147 843 1190 aures:

175 1229 233 1290 Hic
253 1230 333 1292 locus
354 1234 415 1310 est,
435 1231 467 1290 in
487 1247 562 1310 quo,
583 1231 659 1290 tibia
678 1231 779 1312 docta,
801 1251 905 1314 sones,

135 1329 219 1405 Quae
239 1351 298 1393 non
312 1333 380 1412 jure
401 1333 477 1394 vado
497 1334 650 1394 Maeandri
665 1334 749 1412 jacta
769 1337 895 1417 nutasti,

174 1435 288 1513 Turpia
308 1454 374 1496 cum
392 1435 504 1498 iaceret
524 1438 657 1500 Palladis
678 1457 730 1499 ora
750 1443 854 1500 tumor.

133 1538 176 1598 Mi
196 1557 282 1600 nemo
300 1540 437 1617 objiciat:
457 1540 550 1600 libeat
570 1541 641 1619 tibi,
663 1539 810 1620 Cynthia,
831 1559 946 1604 mecum
1071 1548 1110 1607 25

173 1643 284 1705 Rorida
303 1645 444 1706 muscosis
464 1648 549 1704 antm
569 1649 669 1704 tenere
684 1645 778 1723 jugis.

132 1747 199 1808 Illic
219 1747 344 1826 aspicies
365 1749 493 1825 scopulis
513 1747 635 1808 haerere
656 1767 787 1828 sorores,
858 1809 859 1812 ,

123 1873 127 1878 ·
172 1850 213 1910 ut
233 1868 337 1911 canere
357 1851 471 1926 antiqui
491 1848 590 1911 dulcia
609 1850 689 1911 furta
709 1851 807 1912 Iovis:

132 1954 173 2014 Ut
194 1951 311 2014 Semele
331 1958 376 2015 est
396 1955 579 2032 combustus,
601 1960 634 2015 ut
654 1961 700 2016 est
720 1954 891 2033 deperditus
912 1957 959 2036 Io,

172 2058 308 2135 Denique
327 2063 361 2118 nt
381 2058 419 2119 ad
440 2058 549 2136 Trojae
569 2062 648 2118 tecta
668 2059 775 2120 volarit
795 2059 870 2120 avis.
1065 2065 1106 2122 30

131 2162 218 2238 Quod
238 2164 264 2224 si
284 2182 369 2224 nemo
389 2167 471 2224 extet
491 2163 542 2239 qui
562 2163 668 2224 vicerit
688 2164 777 2225 Alitis
798 2183 897 2244 arma,

171 2266 340 2329 communis
359 2268 462 2344 culpae
483 2284 621 2328 currens
642 2285 718 2328 unus
738 2267 832 2344 agor?

128 2371 194 2432 Nec
214 2375 247 2432 tu
267 2370 439 2447 Virginibus
458 2369 625 2430 reverentia
645 2371 772 2432 moveris
793 2388 860 2432 ora:

170 2474 229 2534 Hic
249 2491 365 2551 quoque
384 2492 442 2534 non
462 2474 571 2552 nescit,
594 2475 666 2551 quid
686 2475 726 2536 sit
746 2493 862 2556 amare,
884 2476 1005 2558 chorus3
1034 2514 1041 2530 ·

129 2576 162 2636 Si
181 2581 282 2638 umen
302 2576 410 2654 Oeagri
430 2576 576 2655 quaedam
597 2597 763 2657 compressa
782 2578 877 2656 figura
1065 2582 1108 2641 35·

168 2680 310 2742 Bistoniis
329 2681 399 2742 olim
419 2679 546 2757 rupibus
561 2680 711 2742 adcubuit.

128 2783 186 2845 Hic
205 2784 257 2845 ubi
277 2789 307 2845 te
326 2785 423 2862 prima
443 2788 575 2846 statuent
594 2785 625 2844 in
646 2790 730 2862 parte
751 2785 892 2865 choreae,

168 2888 209 2949 ut
228 2888 343 2949 medius
363 2887 449 2949 docta
469 2887 589 2964 cuspide
609 2887 743 2949 Bacchus
764 2889 835 2968 erit,

128 2992 207 3053 Tum
228 2992 317 3069 capiti
337 3010 435 3053 sacros
455 2992 552 3070 patiar
571 2992 700 3069 pendere
720 2991 890 3067 corymbos:

167 3096 245 3156 Nam
266 3095 330 3155 sine
350 3099 381 3156 te
401 3099 531 3156 nostrum
551 3112 609 3154 non
629 3094 710 3154 valet
731 3093 890 3170 ingenium.
1062 3099 1104 3159 40

65 3220 85 3268 1.
117 3222 190 3273 Oodd.
208 3223 279 3272 dura.
306 3222 449 3287 Interpretes
465 3219 548 3284 nugati
564 3223 620 3270 suni
636 3221 664 3269 de
682 3220 784 3294 Cynthia
799 3220 860 3270 lucri
877 3221 953 3271 studio
971 3221 996 3271 in
1014 3222 1102 3274 balium

26 3301 180 3362 proicisccnte,
198 3319 326 3368 manusque
341 3302 445 3352 hostium
461 3301 572 3366 sangnine
588 3301 678 3366 tingere
695 3301 808 3366 cupiente.
831 3302 1102 3355 Hinosententiatotius

26 3385 117 3436 uminis
133 3387 257 3438 claudicat.
282 3386 382 3436 Puccius
399 3385 500 3436 servavit
518 3385 584 3434 dore.

65 3473 85 3523 2.
117 3477 189 3527 Oodd.
207 3478 281 3526 litora
297 3481 362 3526 nota.
380 3476 472 3526 Tritum
488 3492 531 3524 nec
548 3489 630 3524 verum
646 3475 774 3540 epitheton.
793 3473 904 3524 Heinsius
921 3474 1020 3539 conjecit
1036 3477 1100 3536 lata,

27 3548 172 3610 bethmannus
189 3561 267 3618 nudo,
294 3558 462 3624 Hertzbergius
478 3563 562 3608 nauta.
588 3558 640 3622 Ego
657 3572 712 3606 vero
730 3561 792 3607 tuta.
819 3555 917 3605 Ovidius
939 3557 1008 3606 uest.
1026 3557 1054 3606 el.
1072 3557 1102 3617 ὅ,

28 3645 45 3680 i·
58 3636 95 3689 36:
117 3644 151 3693 Et
175 3642 232 3692 date
253 3642 382 3707 naufrapc'o
400 3642 474 3692 litora
491 3645 546 3692 toto
562 3656 619 3691 mco.
654 3639 793 3706 Propertius
810 3639 871 3705 petit
886 3638 958 3690 litora
973 3643 1037 3699 tuta,
1055 3656 1102 3690 non

29 3721 96 3771 anons
111 3723 211 3792 imperio
229 3723 340 3788 subjecta.
