2624 4398
710 361 750 417 50

302 503 394 583 Nirea
414 542 472 584 non
491 525 597 607 facies,
616 547 675 591 non
694 531 741 592 vis
762 533 871 594 exemit
891 532 1055 610 Achillem,

342 623 482 688 Croesum
502 634 573 709 aut,
592 631 706 694 Pactoli
726 652 800 711 quas
819 635 898 713 parit
918 635 1036 714 humor,
1057 652 1137 712 opes.

304 725 345 788 At
364 729 434 810 tibi,
454 738 558 813 nauta,
578 736 645 813 pias
665 736 815 799 hominum
835 739 887 817 qui
908 739 1020 818 trajicis
1040 739 1174 814 umbras,
1288 788 1295 843 Ι

343 830 408 892 Huc
428 835 544 896 animae
560 843 677 914 portent
696 859 800 919 corpus
821 843 908 903 inane
928 859 1016 904 suae:
1228 841 1259 899 30
1289 858 1296 941 r

1291 950 1296 998 l

303 932 370 1010 Qua
389 936 507 1002 Siculae
526 941 601 1004 haec
621 945 715 1007 victor
734 947 848 1008 telluris
869 945 1026 1028 Claudius,
1047 950 1078 1008 et
1098 936 1180 1023 qua'

343 1037 453 1104 ansar
472 1040 511 1106 ab
531 1043 660 1108 humana
680 1049 770 1112 cessit
790 1049 822 1110 in
842 1053 924 1111 astra
945 1050 1003 1110 via.

217 1219 241 1270 1.
275 1221 348 1276 Oodd.
365 1227 414 1279 iere
427 1244 507 1282 omnes
521 1250 569 1298 quo
582 1233 660 1293 ludim
674 1234 775 1286 Paccius
789 1235 884 1296 numu,
898 1235 944 1286 hoc
958 1237 995 1288 est
1008 1234 1158 1302 impingendo
1173 1233 1262 1300 laedere,
1294 1261 1295 1293 3

182 1301 296 1369 frangere.
323 1307 368 1359 Oui
384 1308 479 1362 lectioni
494 1314 560 1365 lavet
576 1316 708 1382 virgiliana
724 1313 864 1384 descriptio,
881 1319 968 1384 Georg.
985 1317 1028 1367 Il:

382 1400 422 1451 Am
439 1418 560 1454 memorem
571 1411 658 1470 portus
674 1408 825 1474 Lucrinoque
841 1409 928 1459 addita
944 1410 1052 1459 claustro

381 1482 461 1549 Atque
475 1484 627 1552 indipmatam
643 1489 735 1556 mapsa
750 1491 895 1542 stridoribus
912 1505 1016 1556 aequor,

382 1566 454 1617 Iulia
469 1585 518 1634 pua
529 1576 604 1636 ponto
621 1575 691 1639 lorsqu
705 1579 776 1625 sonat
792 1575 860 1625 auda
876 1573 973 1641 refluo,

387 1649 567 1719 linteumque
575 1656 658 1720 fretas-
667 1657 806 1708 immittitur
822 1662 901 1708 aestas
917 1655 1041 1706 Armua?

219 1732 243 1784 2.
277 1734 350 1788 Godd.
367 1738 475 1792 Humida
490 1747 592 1810 stapna5
608 1745 712 1812 Scaliger
727 1747 834 1798 restituit
850 1746 960 1797 Fumida.

218 1824 243 1874 s.
260 1826 333 1876 Gron.
348 1833 460 1881 arortales
473 1833 574 1892 daretem
589 1837 613 1884 N
615 1852 664 1902 esp.
680 1837 788 1887 mortalis
801 1837 899 1893 derter;
914 1835 947 1884 sio
961 1830 1263 1884 rememorarentur

185 1909 210 1955 et
235 1907 421 1976 Hamburgensis
430 1934 438 1972 ς
470 1929 529 1979 quae
553 1916 622 1966 lectio
648 1918 742 1968 omnino
767 1923 803 1970 cst
826 1917 982 1988 praeferenda.
1016 1919 1123 1974 Dexter,
1149 1914 1263 1982 propitior

185 1991 307 2051 monam,
330 1993 405 2045 adhuc
426 1997 545 2057 mortalis,
568 2000 671 2050 nondum
692 2002 767 2051 iactus
789 1989 853 2052 deus.
877 1999 966 2050 Deinde
989 2001 1062 2049 Gron.
1085 2002 1109 2049 et
1132 2000 1205 2064 Neap.
1223 2011 1263 2046 ors

185 2080 310 2139 quaereret
322 2078 403 2138 ardes,
418 2081 442 2128 et
456 2079 490 2130 eie
503 2081 606 2132 maxima
618 2099 673 2149 pars
686 2082 800 2134 librorum
813 2083 962 2150 scriptorum.
991 2081 1137 2146 Interpretes
1151 2079 1262 2146 exponunt:

186 2172 239 2207 cem
254 2165 407 2224 sepupmaret.
429 2161 475 2211 Sed
489 2179 545 2228 ques
558 2164 585 2214 in
599 2165 727 2232 Campania
743 2165 813 2216 urbes
830 2166 946 2217 Hercules
962 2165 1144 2234 expugnaverit,
1159 2179 1206 2213 non
1221 2159 1265 2209 setis

185 2237 259 2304 liquet
264 2261 271 2298 ς
288 2246 371 2292 contra
386 2259 454 2294 nemo
470 2245 545 2295 nascit
561 2247 687 2312 Pompejcs
703 2250 728 2297 et
744 2248 908 2298 Herculenum
924 2265 978 2300 eum
994 2249 1131 2298 condidisse.
1157 2247 1190 2296 ut
1199 2256 1266 2294 revera

187 2318 337 2383 Gelotianus,
360 2326 489 2376 Vaticanus
511 2327 538 2387 Ι,
562 2329 691 2380 Vaticanus
714 2329 742 2378 II
766 2333 790 2380 et
812 2330 922 2395 Perrejus
944 2330 1032 2380 habent
1054 2330 1178 2388 conderer,
1198 2327 1266 2390 jane

186 2403 301 2455 Beroaldo
315 2405 454 2458 divinatum.
472 2409 523 2474 Ego
537 2410 712 2476 Groninganam
726 2414 750 2462 et
766 2413 944 2478 Neapolitanam
960 2413 1102 2479 scripturam
1118 2427 1166 2462 non
1179 2405 1266 2460 mutam

187 2486 228 2536 sed
247 2504 362 2552 quaerere
380 2505 428 2540 nou
448 2491 555 2557 intelligo
576 2492 606 2542 de
627 2496 799 2560 emupnasdm
821 2510 903 2545 verum
926 2509 979 2545 suas
1000 2496 1075 2544 iacere
1097 2494 1204 2552 dextera,
1219 2484 1267 2573 felici

187 2570 277 2629 omium
300 2573 324 2620 et
346 2571 379 2622 sie
401 2572 471 2624 etiam
491 2573 520 2623 de
543 2575 652 2643 Pompeis
674 2581 697 2626 et
718 2577 866 2638 Hateriano,
889 2593 946 2644 quas
968 2576 1114 2637 condiderat,
1135 2573 1267 2639 interpreiffl

186 2649 273 2702 licebit.

220 2742 245 2793 6.
279 2743 401 2807 Cymbala.
423 2745 546 2798 Thebanus
569 2750 645 2809 Deus,
668 2767 710 2801 seu
733 2751 862 2811 Hercules,
883 2751 925 2816 qui
947 2749 1021 2800 redux
1043 2764 1072 2798 ex
1095 2747 1212 2814 Hispanis
1225 2743 1268 2810 pori

188 2824 320 2890 Gerycum
335 2825 426 2878 rictum
442 2829 563 2896 Pompeiis
579 2831 748 2898 triumphavit,
766 2832 878 2900 cymbalis
895 2832 1063 2900 crepitantibus
1080 2829 1206 2906 colebatur.

220 2917 245 2968 9.
280 2917 354 2968 Godd.
381 2919 427 2970 His
443 2937 541 2987 messus
563 2923 659 2989 &pyras
679 2927 777 2976 mltum.
812 2927 918 2990 Guyetus
935 2927 960 2975 et
976 2923 1089 2974 Heinsius
1106 2916 1269 2987 suspicabuntur

187 2997 275 3063 aliquid
292 2999 370 3052 deuse
385 3001 441 3054 huic
457 3003 555 3070 elegiae,
577 3007 631 3071 quia
648 3022 733 3056 nornen
746 3007 855 3058 Marcelli
874 3023 990 3072 nusquam
1009 3004 1158 3072 exprimitur.
1191 2998 1269 3048 Vulnus

187 3079 246 3132 latet
261 3081 304 3132 sub
320 3083 434 3135 vocabulo
450 3089 552 3146 vultum,
570 3088 632 3153 quod
650 3089 757 3149 sanabit,
774 3090 820 3139 nisi
836 3106 873 3139 me
889 3089 966 3148 fallit,
984 3087 1113 3139 emendatio
1130 3087 1155 3135 in
1172 3081 1268 3134 contextu

187 3169 288 3231 recepta.
310 3167 438 3218 Marcellus
454 3168 512 3220 obiit
528 3169 666 3235 vigesimum
682 3188 767 3222 anuum
785 3171 867 3223 aetatis
884 3187 968 3236 agenn
986 3170 1025 3220 sed
1039 3186 1099 3231 puer
1116 3162 1268 3218 aemuletur

187 3245 228 3310 qui
244 3247 290 3296 XV
308 3263 394 3298 annum
410 3250 523 3310 excessit;
549 3255 573 3303 et
598 3254 679 3304 Cicero
699 3271 801 3319 pererrem
825 3254 944 3320 eprepium
969 3255 1038 3304 vocat
1063 3251 1216 3301 Octavianum
1236 3245 1267 3310 qui

188 3329 315 3380 exercitum
332 3332 456 3398 collegerat
472 3334 564 3400 privato
581 3336 676 3385 consilio
689 3340 713 3386 et
726 3336 1156 3403 pecunia,undevigintiannosnatus.
1174 3334 1204 3382 V.
1220 3330 1267 3380 For·

188 3415 276 3466 cellird
293 3414 403 3466 Lexicon.
420 3445 453 3454 -
470 3418 543 3467 Grou.
561 3420 585 3466 et
602 3418 796 3484 Neapdemisit·
809 3410 1268 3468 PalatinusletVossisnusVdcmerm't·

188 3499 275 3548 Senem
296 3502 343 3548 est:
368 3501 432 3549 Deus
452 3499 492 3549 hic
513 3499 621 3550 inimicus
637 3500 792 3560 Marcellum,
809 3516 916 3567 pressum
933 3499 962 3549 ab
979 3499 1044 3564 aquis
1060 3499 1159 3557 restris,
1177 3492 1267 3546 demisit.

188 3580 299 3633 demersit
313 3581 339 3630 in
355 3581 429 3634 undas
445 3583 553 3649 Stygias,
570 3586 594 3634 et
610 3584 708 3650 spiritus
724 3584 764 3633 ille
780 3584 864 3634 noxius
881 3583 957 3633 adhue
972 3585 1038 3631 errat
1051 3581 1075 3630 in
1090 3583 1169 3631 vestro
1182 3579 1237 3627 nou.

222 3670 264 3719 21.
297 3671 370 3722 Grou.
388 3670 437 3722 Sed
451 3676 530 3724 tamea
547 3673 591 3723 doe
607 3687 698 3732 omrem·
716 3673 802 3724 naemei
819 3673 866 3724 hur
882 3687 968 3725 emme.
984 3673 1036 3722 Nos
1048 3669 1182 3722 omneshoc
1189 3664 1264 3718 munet,

190 3753 242 3819 rogi
257 3752 359 3806 ummo.
