2640 4400
155 387 291 434 xxxvm

350 546 427 596 Roma
442 543 506 602 tere,
524 541 567 592 tibi
583 543 660 607 surgit
676 557 747 608 opus:
764 541 818 590 date
834 539 946 599 candida,
963 539 1038 600 mres,

385 625 472 675 Omina
488 629 511 674 et
527 625 626 692 inceptis
643 623 737 673 dextera
754 625 832 672 canta
848 623 905 672 avis.

352 707 423 758 Sacra
438 707 530 772 diesque
546 722 628 756 cauam
644 709 667 755 ct
684 705 821 770 cognomina
838 705 915 770 prisca
930 703 1043 754 locorum.

158 801 264 878 Sucro,
277 798 352 877 dies,
370 795 539 873 cognomina
558 795 685 854 locorum
695 810 752 853 uon
767 793 945 869 respondent
953 792 1040 852 rebus
1050 792 1255 853 Romanorum

154 903 246 980 gestis
278 901 316 961 ab
344 899 440 959 Ennio
470 897 604 958 versibus
636 894 807 972 descriptis,
836 912 908 971 quas
935 911 1050 954 rursum
1076 893 1254 970 Propertius

153 1002 281 1063 carmine
301 1019 420 1061 narrare
441 1000 636 1078 cogitaverat3
659 1002 822 1074 cunctaque
840 995 1253 1075 lragmentaPseudoproper-

154 1105 236 1164 tiana
260 1122 317 1163 uon
337 1102 492 1180 historica,
513 1100 566 1161 sed
586 1099 790 1176 mythologice
805 1102 836 1158 et
855 1115 939 1159 sacra
960 1102 1043 1176 sunt,
1064 1115 1102 1158 ne
1123 1097 1256 1159 Actiaca

155 1203 274 1280 quidem
293 1222 391 1280 pugna
408 1208 539 1280 excepta.
560 1202 718 1262 Praeterea
732 1202 841 1261 Noster
855 1200 984 1260 Ennium
1001 1205 1114 1276 patrem
1130 1200 1253 1263 iuvoca-

154 1311 251 1386 verat,
272 1312 372 1368 conus
391 1311 492 1367 auctor
512 1305 632 1366 Dieruna
652 1324 681 1364 v.
703 1308 755 1366 61:
778 1303 893 1364 Ennius
920 1303 1036 1363 hirsuta
1063 1303 1162 1380 oinpot
1185 1319 1255 1363 mea

156 1407 234 1467 dictu
254 1426 378 1469 oenone:
399 1408 441 1468 lla·
462 1408 537 1486 solio
558 1409 700 1468 caedere
718 1407 851 1484 porripe,
878 1405 1003 1483 Bocche,
1027 1411 1086 1466 tuo.

196 1507 382 1586 objectiones
400 1513 430 1570 ct
446 1510 641 1570 dubitationes
659 1509 890 1585 multiplicantur
906 1509 931 1568 si
947 1508 1068 1568 interius
1086 1508 1254 1568 carminum

156 1610 298 1671 rationem
314 1614 537 1688 perscrutamur.
556 1610 624 1688 Non
641 1627 726 1671 secus
741 1627 776 1669 ac
792 1609 823 1670 in
838 1609 972 1689 creticis,
986 1609 1016 1669 in
1027 1609 1153 1670 heroicis
1164 1610 1254 1672 disti-

158 1711 221 1773 chis
232 1711 343 1788 ingenii
359 1729 436 1771 vena
452 1715 498 1772 est
512 1730 569 1771 non
583 1712 719 1790 obscura,
737 1713 844 1774 locutio
861 1714 1031 1790 plerumque
1051 1719 1082 1774 et
1100 1713 1256 1775 Latinitas

77 1890 80 1896 ι
159 1812 301 1891 eminent,
323 1814 447 1891 aevique
466 1813 593 1891 Augusti
614 1814 771 1890 imaginem
791 1813 929 1874 referunt.
955 1813 996 1874 At
1015 1815 1114 1895 stilus,
1134 1816 1161 1877 si
1182 1834 1256 1876 cum

159 1916 348 1993 Propertiano
364 1917 522 1996 confertur,
538 1935 596 1978 non
611 1917 689 1976 idem
707 1917 832 1993 amplius
849 1921 902 1978 est
923 1917 1078 1977 Factorum
1088 1919 1203 1995 pictura
1217 1920 1257 1978 in

160 2016 228 2077 Jooe
238 2016 367 2078 Feretrio
383 2022 414 2078 et
429 2016 522 2079 Morte
539 2017 673 2078 anults
690 2037 708 2078 a
724 2019 869 2096 Propertii
887 2019 979 2080 modis
990 2019 1127 2099 dissidet,
1139 2021 1257 2098 quippe

159 2119 227 2182 Sex.
254 2121 392 2184 Aurelius
414 2141 467 2184 nos
488 2123 518 2182 in
538 2122 650 2183 medias
671 2140 719 2183 res
739 2123 831 2202 rapit,
853 2123 992 2200 adjuncta
1012 2123 1164 2202 praeterit,
1185 2141 1257 2183 rem

159 2243 300 2287 summam
317 2226 467 2306 depingit,
484 2232 580 2306 ornat,
599 2228 709 2306 elevat,
727 2228 772 2287 uti
788 2227 975 2288 manifestum
991 2231 1036 2287 est
1053 2226 1083 2286 in
1098 2224 1258 2303 Cleopatra

158 2333 188 2390 et
199 2328 319 2407 Antiope
330 2329 386 2410 (VI
396 2329 510 2392 etXlII
520 2330 586 2390 Lib.
598 2331 710 2409 Tert);
728 2334 828 2391 auctor
845 2347 915 2390 vero
930 2328 1050 2388 illerum
1060 2327 1138 2388 facta
1148 2333 1256 2387 narrat

53 2481 56 2486 ,
158 2430 297 2492 historica
307 2431 477 2510 diligentia,
492 2431 648 2492 observata
656 2430 770 2491 ratione
779 2434 950 2507 temporum.
970 2429 1019 2488 Ad
1030 2429 1104 2489 haec
1114 2427 1257 2507 luppiter

158 2534 306 2595 Feretrius
322 2534 365 2596 ita
383 2534 504 2611 languet
524 2534 609 2595 exilis
631 2537 661 2594 et
676 2533 813 2611 jejunus,
834 2537 868 2593 ut
884 2532 940 2594 hoo
957 2534 1018 2594 solo
1032 2533 1149 2593 nomine
1164 2531 1253 2592 dubi-

158 2637 279 2700 tandum
300 2642 378 2700 esset
395 2637 432 2698 de
448 2637 512 2714 ejus
530 2641 647 2698 anctore
664 2636 794 2712 vulgato.
815 2635 970 2712 Rapidior,
992 2634 1120 2695 vividior
1139 2634 1256 2695 incedit

162 2739 282 2821 Torpup'o
291 2761 302 2812 ,·
318 2742 437 2819 alauda
452 2740 569 2818 lepidus
586 2739 775 2808 Vertumnus:
792 2739 845 2801 sed
856 2740 886 2799 in
896 2739 944 2799 his
955 2738 1066 2800 duobus
1077 2739 1256 2815 praesertim

158 2844 250 2922 elegis
270 2843 410 2921 Cynthiae
426 2860 561 2904 numeros
576 2842 686 2903 frustra
700 2843 883 2921 quaerimus3
902 2841 1036 2917 rythmus
1047 2838 1210 2901 Ouidianus
1221 2841 1256 2900 iu

159 2947 278 3008 auribus
295 2945 402 3007 blande
423 2950 562 3008 susurrat.
593 2945 694 3022 Longe
709 2949 839 3022 praestat
854 2945 1022 3021 impetuque
1038 2943 1130 3019 lyrico
1146 2941 1258 3018 flagrat

160 3068 277 3112 carmen
288 3050 325 3112 de
343 3049 417 3111 Urbe
432 3049 537 3128 Romo,
554 3048 607 3110 sed
622 3049 746 3108 licenter
762 3052 848 3124 poeta
865 3047 940 3107 asni
957 3045 1129 3121 aequalibus
1139 3049 1255 3106 mutua-

159 3157 207 3215 tur
226 3155 352 3232 colores,
374 3151 531 3229 imagines,
553 3150 688 3228 phrases,
709 3148 904 3210 hemistichia.
936 3147 1043 3207 Videat
1063 3149 1168 3208 lector:

163 3295 253 3345 Pseudo
271 3287 369 3361 prop..
388 3328 395 3344 .
413 3329 419 3343 .
438 3329 444 3342 .
462 3293 562 3342 Dicam:
586 3289 609 3342 T
608 3291 662 3341 reia
679 3292 762 3350 cades,
780 3296 805 3342 et
826 3291 911 3342 ltoiea
928 3292 1003 3342 Mna
1019 3306 1132 3356 resurges.

161 3383 275 3436 Ovidius
297 3385 361 3434 sut.
380 3383 393 3433 1
412 3420 417 3432 .
437 3419 442 3432 .
463 3381 533 3432 Victa
549 3385 626 3432 mmeu
643 3382 736 3441 vinca,
754 3397 878 3448 eversaque
894 3383 964 3432 Troia
980 3396 1094 3446 resrrrges.

162 3471 252 3522 Pseudo
269 3473 366 3540 Prop..
386 3509 393 3523 .
411 3509 417 3524 .
436 3511 441 3523 .
459 3473 495 3524 Bt
512 3472 585 3522 maris
602 3477 626 3522 et
643 3477 723 3522 terrae
739 3473 811 3536 lonpa
826 3471 917 3536 pericla
934 3487 1024 3522 eanum.

161 3559 244 3625 unp.
262 3561 303 3620 11,
322 3561 367 3611 28.
386 3598 393 3612 .
411 3598 442 3612 ..
492 3561 525 3612 ut
541 3559 613 3612 maris
630 3563 654 3610 et
671 3563 748 3610 terrae
766 3575 833 3608 caece
849 3559 938 3625 pericle
954 3558 1013 3608 vise.

163 3648 252 3700 Pseudo
268 3649 367 3720 Pupp..
385 3687 391 3702 .
409 3687 415 3701 .
433 3685 440 3702 .
458 3651 507 3702 Nec
523 3649 621 3700 nnuma
637 3663 694 3698 cavo
706 3648 843 3714 pendebam
859 3649 911 3698 ueta
929 3649 1032 3697 theatro.

161 3735 233 3792 oste
262 3739 314 3792 Art.
333 3741 385 3793 Am.
403 3741 415 3790 l
435 3779 441 3791 .
459 3741 525 3792 Tunc
542 3756 614 3808 nque
630 3755 763 3790 marmoreo
781 3738 913 3807 pendebant
929 3738 980 3787 uela
996 3739 1096 3788 theatro.
