2642 4396
691 357 752 418 200

295 527 322 590 O
342 527 411 608 Veji
430 531 563 610 veteres,
582 535 616 591 et
634 529 774 592 Volscum
794 547 888 609 regna
906 531 1022 614 fuistis,

333 631 374 692 ilt
392 635 491 694 vestro
509 632 607 712 posita
627 637 673 695 est
694 651 783 695 aurea
803 635 879 696 sella
898 634 970 697 soro.
990 711 992 716 η

293 734 381 796 Nunc
400 733 478 796 intra
497 753 594 796 muros
613 737 741 814 pastoris
761 738 887 798 buccina
906 737 979 799 lenti

333 835 461 919 Cantat7
478 843 509 901 et
528 839 560 899 in
579 841 687 901 vestris
708 840 823 901 ossibus
844 858 916 901 arra
936 845 1058 903 metunt.
1220 845 1251 902 s·

293 939 382 1003 Forte
403 957 491 1019 super
510 944 612 1017 portae
632 942 694 1002 dux
714 941 808 1020 Vejus
829 942 945 1005 adstitit
965 961 1080 1024 arcem,

306 1028 308 1032 ’
334 1040 575 1120 colloquiumque
595 1061 650 1104 sus
669 1043 762 1105 fretus
782 1045 822 1104 ab
841 1044 916 1106 urbe
936 1045 1028 1106 dedit.

294 1146 430 1223 Dumque
450 1146 528 1207 aries
548 1163 662 1208 murum
682 1165 772 1209 cornu
792 1148 932 1226 pulsabat
954 1147 1061 1228 aheno,

334 1249 432 1311 Vinea
451 1268 510 1327 qua
529 1249 649 1311 ductum
668 1252 757 1328 longa
776 1252 897 1328 tegebat
917 1270 1005 1332 opus,

294 1354 402 1418 (lessus
423 1355 481 1416 ait:
506 1355 612 1429 „Furti
632 1355 738 1416 melius
759 1373 930 1441 concurrere
951 1358 1082 1434 campo.”
1222 1356 1258 1416 35
1298 1365 1299 1394 ³

334 1459 399 1520 Nec
418 1476 499 1520 mora
518 1456 567 1538 lit;
589 1441 677 1536 plano
698 1458 778 1519 sistit
798 1463 922 1536 uterque
942 1460 1075 1535 gradum.

293 1559 333 1622 Di
353 1558 457 1622 Latias
472 1560 578 1640 juvere
597 1579 719 1623 manus:
740 1563 861 1624 desecta
881 1562 1021 1622 Tolumni

332 1661 442 1725 cervix
461 1664 608 1724 Romanos
628 1663 771 1740 sanguine
792 1663 867 1724 lavit
887 1680 988 1740 equos.

294 1763 435 1830 claudius
455 1785 474 1826 a
494 1766 597 1827 Rheno
617 1767 755 1844 trajectos
776 1767 871 1827 arcuit
890 1766 1007 1850 hostes²

333 1870 456 1949 Belgica
476 1889 542 1932 oum
561 1872 640 1932 vasti
659 1889 762 1950 parma
781 1873 876 1932 relata
896 1872 980 1933 ducis
1227 1872 1260 1930 40

256 2038 261 2045 .
291 1975 467 2038 Virdomari.
495 1975 596 2038 Genus
616 1976 665 2036 hic
684 1975 788 2037 Rheno
803 1976 939 2053 jactabat
958 1977 997 2037 ab
1018 1976 1101 2055 ipso,

331 2078 449 2141 Nobilis
469 2096 486 2139 e
506 2079 594 2140 rectis
614 2077 736 2138 fundere
756 2095 848 2154 gaesa
867 2079 954 2139 rofio:

293 2181 342 2244 llli
361 2182 486 2259 virgatis
501 2181 647 2259 jaculanti
668 2198 706 2240 ex
725 2181 844 2258 agmine
863 2181 977 2241 braccis

333 2285 462 2364 Torquis
482 2285 520 2347 ab
541 2285 635 2346 ineisa
656 2285 767 2346 decidit
786 2302 862 2346 unua
882 2286 963 2363 gula.

294 2388 381 2452 Nune
400 2388 496 2467 spolia
516 2389 677 2466 intemplo
697 2388 756 2448 tria
776 2388 910 2450 condita:
930 2403 1021 2449 causa
1041 2387 1174 2469 Feretri,
1227 2385 1260 2447 45

333 2491 441 2554 Omine
461 2491 540 2570 quod
559 2495 639 2553 certo
660 2491 722 2552 dux
740 2490 810 2552 ferit
830 2509 901 2554 ense
922 2491 1043 2572 ducem3

294 2595 355 2660 Seu
375 2597 446 2674 quia
464 2596 545 2658 vieta
565 2597 627 2658 suis
646 2595 777 2658 humeris
797 2594 872 2658 haec
892 2614 975 2657 arma
993 2595 1144 2677 ferebant,

333 2699 412 2762 Hinc
431 2699 546 2762 Feretri
566 2699 647 2760 diota
665 2702 712 2761 est
732 2717 785 2760 ara
804 2699 933 2779 superba
951 2699 1045 2762 iovis.

210 2887 250 2941 18.
285 2887 358 2939 Oodd.
376 2886 418 2954 qui
433 2887 498 2938 tulit.
524 2887 667 2939 Passeratius
684 2888 799 2955 explicata
817 2905 872 2940 eum
889 2887 910 2939 si
927 2887 1021 2954 apricus
1034 2888 1084 2948 lar,
1101 2887 1127 2938 id
1143 2889 1180 2939 est
1195 2884 1262 2954 tepide

174 2971 258 3022 domus
274 2973 335 3021 osset
350 2969 375 3019 in
392 2968 464 3030 urbe,
481 2971 557 3020 eastra
573 2973 651 3020 tamen
668 2970 753 3036 frigida
769 2968 885 3021 tolerarit.
912 2971 1017 3038 Reposui
1032 2971 1160 3036 praetulit.

207 3077 249 3127 26.
282 3077 356 3126 Gron.
379 3077 403 3125 et
427 3077 502 3141 Neup.
518 3076 610 3140 jecere
631 3081 711 3134 tenu,-
736 3075 837 3127 Paccius
861 3079 885 3126 et
908 3075 1018 3140 Perrejus
1027 3075 1121 3141 juqera
1138 3081 1222 3133 term
1235 3071 1261 3122 sio

174 3173 266 3224 qnoque
282 3157 394 3222 Scaliger.
422 3157 580 3216 Niebuhrius,
597 3157 626 3206 eb
642 3156 801 3222 Hertzbergio
817 3157 940 3217 laudatus,
957 3158 1025 3207 docet
1039 3173 1082 3223 pro
1096 3157 1185 3225 triplici
1198 3154 1261 3224 gentle

174 3244 293 3293 somam
315 3240 389 3306 stirpe
409 3240 434 3290 in
457 3241 531 3291 trinas
545 3240 656 3306 jugerum
673 3240 788 3290 centurius
806 3255 875 3305 agros
893 3240 1033 3307 oppidomm
1050 3243 1132 3307 captos
1148 3239 1261 3292 dirueret

175 3325 306 3390 assigmos
322 3323 401 3374 fuisse.

205 3430 247 3480 27.
281 3431 354 3479 (lton.
372 3433 422 3480 tum
434 3429 544 3494 praedm
563 3430 652 3495 Neap„
672 3429 831 3480 Mentelianns
849 3431 873 3479 at
890 3429 1019 3480 Vossianus
1035 3443 1119 3494 reque.
1150 3426 1260 3495 Lipsiuse

173 3511 258 3563 Cedias
280 3511 395 3561 Vstiosno
421 3510 567 3578 proponebat
583 3517 608 3562 et
630 3512 738 3562 Volscum
755 3528 830 3576 reque
841 3510 939 3578 scistis.
966 3510 1065 3577 Optima
1080 3511 1158 3562 lectio.
1184 3511 1259 3558 Verum

173 3598 225 3654 est,
243 3593 334 3644 nullom
350 3593 412 3660 apud
428 3596 547 3643 Romanos
565 3594 690 3660 scriptores
707 3609 790 3659 regum
809 3593 949 3643 Volscorum
966 3593 1109 3644 mentionem
1125 3595 1207 3644 extum.
1222 3587 1258 3638 Sed

174 3693 250 3743 sequa
271 3675 344 3742 accipi
367 3680 466 3742 possunt
482 3691 526 3742 pro
545 3675 678 3726 civitatibus
695 3676 720 3724 in
738 3691 779 3724 sua
795 3675 883 3726 ditione
901 3675 1041 3725 constitutis.
1068 3677 1160 3726 Rursus
1175 3668 1257 3724 monebo

177 3759 251 3812 codd.
267 3759 293 3809 in
310 3757 442 3810 nominibus
458 3758 560 3825 propriis
578 3757 718 3808 claudicare:
736 3774 819 3808 vocem
835 3757 873 3809 vel
892 3760 1060 3826 corrumpunt,
1077 3755 1116 3808 vel
1132 3755 1224 3810 mucul.
