2624 4398
719 335 756 394 72

309 507 378 569 Non
398 507 466 585 eget
484 506 535 570 lric
553 505 692 587 medicis,
712 525 770 569 non
790 506 876 570 lectis
896 507 1034 569 mollibus
1054 525 1159 589 aeger,

350 611 429 671 Huic
448 612 562 673 nullum
582 611 659 673 caeli
678 616 796 689 tempus
816 616 847 673 et
867 630 940 673 aura
959 615 1059 673 nocet:

309 711 467 792 Ambulat,
488 717 519 774 et
539 713 636 775 subito
655 714 799 776 mirantur
818 713 906 774 funus
927 713 1028 774 amici:

349 813 399 876 Sic
420 819 467 876 est
486 814 631 895 inceium,
652 816 793 894 quicquid
813 816 939 878 habetur
959 833 1049 876 amor.
1246 817 1279 876 10

308 917 353 979 Ac
373 919 466 980 veluti
486 920 581 997 primo
602 923 705 982 murus
725 920 871 982 detrectat
891 924 1006 998 aratra,

348 1022 420 1085 Post
439 1024 522 1084 venit
542 1028 660 1086 assueto
681 1025 778 1086 mollis
799 1025 838 1086 ad
858 1043 931 1085 arva
946 1024 1036 1102 jugo,

309 1124 359 1187 Sic
379 1125 474 1203 primo
489 1125 616 1203 juvenes
636 1126 787 1204 trepidant
807 1127 838 1186 in
859 1144 957 1187 amore
977 1125 1107 1206 feroces,

349 1228 465 1290 Dehinc
486 1229 594 1290 domiti·
609 1234 676 1307 post
695 1229 770 1290 haec
791 1248 886 1308 aequa
906 1235 936 1290 et
957 1230 1059 1306 iniqua
1079 1229 1187 1291 ferunt

309 1332 425 1410 Turpia
443 1350 601 1410 perpessus
622 1336 707 1393 vates
727 1336 773 1393 est
793 1333 891 1394 vincla
910 1333 1092 1412 Melampus,
1245 1329 1273 1390 15

349 1433 491 1512 Cognitus
512 1434 619 1511 Iphicli
640 1435 815 1513 surripuisse
835 1435 942 1514 boves3

309 1536 404 1614 Quem
425 1556 483 1598 non
504 1539 601 1616 lucra,
622 1538 717 1614 magis
738 1539 814 1600 Pero
833 1536 960 1598 formosa
980 1538 1093 1617 coegit,

347 1641 416 1701 Mox
436 1639 637 1717 Amythaonia
655 1643 748 1718 nupta
767 1639 866 1700 futura
885 1640 981 1701 domo.

306 1744 401 1805 Multa
421 1743 503 1820 prius
525 1742 659 1803 dominae
681 1743 790 1803 delicta
810 1744 944 1820 queraris
965 1747 1093 1824 oportet,

346 1846 441 1924 Saepe
462 1863 549 1922 roges
569 1846 699 1925 aliquid,
721 1863 810 1923 saepe
831 1847 967 1923 repulsus
988 1864 1056 1925 cas,

306 1950 346 2012 ut
366 1965 455 2027 saepe
476 1949 637 2010 immeritos
658 1967 825 2025 corrumpas
846 1949 983 2010 dentibus
1003 1967 1134 2028 ungues,

345 2051 385 2111 ut
405 2049 549 2129 crepiturn
570 2051 660 2113 dubio
680 2051 803 2112 suscitet
823 2033 868 2110 iri
888 2050 973 2127 pede.

303 2157 381 2218 Nam
401 2157 450 2218 cui
469 2176 528 2218 nou
548 2175 604 2234 ego
624 2175 690 2218 sum
709 2156 810 2217 fallaci
830 2157 962 2234 praemia
982 2156 1071 2217 vati?

342 2259 426 2336 Quae
446 2279 514 2323 mea
533 2279 591 2322 nou
611 2260 711 2321 decies
732 2261 845 2322 somnia
864 2264 964 2322 versat
990 2261 1088 2322 anus?

305 2364 408 2428 Hostis
428 2365 455 2425 si
475 2365 542 2442 quis
563 2366 620 2426 erit
639 2364 741 2445 nobis,
763 2369 842 2426 amet
862 2364 914 2425 ille
934 2366 1066 2443 puellas:
1155 2369 1158 2377 '
1236 2359 1263 2420 25

344 2468 481 2529 Gaudeat
501 2469 533 2529 in
553 2486 660 2548 puero,
683 2468 709 2528 si
729 2467 796 2544 quis
818 2468 929 2529 amicus
951 2469 1014 2529 erit.

304 2571 480 2648 Tranquillo
500 2576 564 2632 tuta
585 2571 739 2632 descendis
759 2571 878 2631 flumine
900 2571 1022 2648 cymba:

345 2672 425 2750 Quid
445 2675 500 2737 tibi
520 2679 581 2736 tam
601 2675 686 2754 parvi
706 2675 801 2736 litoris
821 2674 901 2736 nuda
920 2675 1029 2737 nocet?

305 2775 392 2838 Alter
412 2795 501 2856 saepe
521 2797 580 2840 uno
601 2782 695 2839 mutat
715 2778 888 2856 praecordIa
908 2779 1013 2857 verbo,

345 2878 449 2942 Altera
469 2882 520 2942 vix
540 2883 605 2960 ipso
626 2883 769 2959 sanguine
790 2883 887 2943 mollis
909 2883 973 2942 erit.

237 3039 261 3090 1.
296 3038 368 3089 Oodd.
386 3044 430 3089 aut
445 3041 520 3099 midi;
538 3025 702 3092 Irachmannns
719 3041 822 3090 conexit
839 3040 879 3091 tei
895 3040 961 3090 midi.

235 3128 261 3179 4.
294 3128 367 3178 Oodd.
393 3144 441 3178 non
460 3147 507 3195 per
531 3131 630 3182 Medeae
653 3129 765 3196 promisca
787 3135 855 3180 cocto
878 3146 967 3179 manus.
1002 3127 1131 3179 Beroaldus
1153 3117 1256 3177 enudavit

186 3210 352 3270 Perimedeae,
368 3227 382 3260 a
395 3212 542 3273 Perimedeo‚
555 3215 657 3263 venefica
665 3213 727 3278 apud
735 3212 892 3262 Theocritum.
910 3213 1030 3261 Muretus:
1046 3210 1255 3260 Pressuram

184 3291 246 3356 quod
270 3293 382 3358 praefero.
417 3297 500 3360 Neque
524 3296 731 3361 praetermittenda
752 3299 789 3344 est
811 3296 836 3345 J.
853 3296 883 3345 B.
906 3295 944 3343 Pii
961 3293 1115 3343 Bononiensis
1134 3289 1252 3354 conjecturs

184 3375 239 3424 Non
253 3374 394 3426 Perimedea
403 3380 493 3443 pocula
508 3383 577 3429 cocto
587 3395 658 3428 manu
664 3399 674 3437 ;
683 3379 820 3445 praesertim
829 3377 883 3442 quia
892 3376 1009 3444 praecedit
1018 3377 1099 3426 data.
1117 3365 1253 3426 susurrio

184 3456 246 3507 citus
262 3457 422 3508 necessitatem
438 3459 542 3511 correxit
556 3463 668 3526 promisso
684 3467 757 3512 secto.

219 3545 260 3596 10·
296 3546 416 3612 Quicquid
437 3549 538 3600 debetur
555 3566 628 3600 amor.
652 3551 776 3616 Intelligo:
795 3551 970 3617 qualiscumque
986 3551 1029 3611 sit,
1050 3537 1250 3617 quocumquo11¹⁰do

186 3628 214 3679 de
231 3643 258 3678 eo
275 3627 370 3680 sentias.

220 3717 261 3769 15.
295 3719 383 3770 Neleus
399 3720 479 3773 Bianti
496 3723 611 3774 Peroucm
627 3724 740 3790 negabat,
757 3724 803 3774 uisi
821 3724 907 3792 Iphicli
923 3723 992 3774 boves
1009 3683 1109 3791 raperet.
1133 3721 1248 3782 Melumpd»
