2642 4396
693 363 751 424 166

395 581 400 598 ’
522 557 799 628 ELEGIA
842 557 918 626 XX.

612 701 664 749 M)
678 700 843 750 nunnoni.

402 809 485 873 (Oodd.
503 810 549 871 22,
567 810 650 860 Burm.
667 811 712 870 21,
730 810 788 870 ΙΙΙ;
806 809 904 860 Lachm
920 809 968 869 22,
986 811 1042 872 IV.)

298 943 423 1022 Frigida
443 948 504 1006 tam
523 947 631 1008 multos
650 946 764 1025 placuit
782 947 839 1007 tibi
859 945 987 1023 (lyricus
1006 963 1113 1026 annos,

204 1054 208 1063 “
337 1049 444 1128 Tulle,
463 1049 658 1126 Propontiaca
678 1068 738 1127 qua
757 1051 824 1110 fluit
843 1049 971 1112 Isthmos
991 1067 1086 1130 aqua3

297 1151 484 1232 Dindymus,
505 1156 537 1213 et
556 1170 658 1214 sacrae
678 1153 823 1214 fabricata
837 1153 968 1231 juvenca
987 1151 1145 1231 Oybebee,

337 1255 533 1333 Raptorisque
554 1257 623 1316 tulit
644 1274 703 1334 qua
722 1256 774 1318 via
793 1256 874 1318 Ditis
893 1256 1010 1333 equos?

298 1357 331 1418 Si
352 1361 381 1418 te
402 1357 477 1420 forte
492 1359 601 1436 juvant
620 1361 740 1439 Helles,
760 1359 989 1421 Athamantidos
1009 1359 1115 1438 urbes,
1239 1358 1253 1416 5

337 1460 402 1521 Noc
422 1460 584 1542 desiderio,
605 1463 711 1541 Tulle,
732 1479 850 1524 movere
869 1469 956 1522 meo:
975 1495 1016 1510 -

207 1573 211 1581 “
298 1564 348 1627 Tu
369 1564 439 1627 lieet
459 1565 607 1643 adspicias
627 1567 742 1628 coelum
762 1583 848 1629 omne
866 1555 993 1627 Atlanta
1012 1569 1177 1644 gerentem,

338 1668 484 1746 Sectaque
503 1669 613 1730 Persea
632 1669 794 1731 Phorcidos
814 1686 866 1731 ora
885 1687 990 1748 mann,

298 1769 459 1849 Geryonae
478 1773 597 1834 stabula
617 1777 648 1834 et
667 1774 830 1834 luctantum
851 1772 883 1833 in
901 1773 1025 1850 pulvere
1045 1772 1134 1850 signa

337 1874 475 1937 Herculis
495 1874 663 1954 Antaeique
682 1875 938 1954 Hesperidumque
959 1875 1080 1956 choros3
1225 1873 1255 1933 10

298 1977 406 2054 Tuque
426 1980 478 2039 tuo
497 1976 639 2040 (lelchum
658 1979 808 2058 propellas
827 1979 941 2056 remige
958 1979 1088 2059 Phasin,

337 2080 536 2160 Peliacaeque
556 2080 650 2144 trabis
670 2087 763 2144 totum
783 2084 841 2144 iter
860 2082 925 2160 ipse
946 2083 1045 2162 legas,

299 2183 366 2262 Qua
385 2184 468 2247 rudis
487 2184 588 2263 Argoa
607 2189 691 2248 natat
710 2186 788 2248 inter
806 2205 883 2248 saxa
901 2187 1037 2248 columba

338 2287 375 2348 In
394 2286 500 2348 faciem
519 2307 624 2366 prorae
644 2289 732 2367 pinus
752 2289 859 2350 adacta
877 2307 988 2368 novae3

298 2391 338 2453 nt
359 2393 385 2452 si
405 2409 466 2469 qua
485 2390 613 2469 Ortygie
632 2396 663 2454 et
682 2392 808 2454 visenda
829 2395 875 2454 est
895 2411 947 2454 ora
966 2390 1103 2470 Caystri,
1227 2382 1256 2446 15

338 2493 379 2554 nt
398 2512 458 2571 qna
478 2499 615 2572 septenas
636 2500 782 2573 temperat
802 2495 883 2556 unda
902 2495 969 2556 rias
988 2529 1029 2540 -

185 2621 188 2629 ’
299 2593 406 2659 Omnia
425 2598 576 2660 Romanae
596 2600 703 2661 cedent
722 2600 865 2661 miracula
885 2603 996 2678 terrae3

338 2700 455 2762 Natura
474 2701 523 2763 hic
542 2703 656 2783 posuit,
677 2702 819 2780 quicquid
838 2701 949 2779 ubique
969 2700 1035 2762 luit.

299 2800 400 2863 Armis
420 2806 492 2880 apta
511 2805 606 2882 magis
626 2806 730 2885 tellus,
749 2823 839 2882 qnam
859 2802 1010 2866 commoda
1029 2820 1141 2882 noxae,

340 2904 481 2986 Famam,
502 2908 612 2987 Roma,
632 2912 702 2970 tuae
722 2927 782 2970 non
801 2907 893 2985 pudet
912 2905 1062 2968 historiae.
1226 2899 1257 2960 20

300 3007 394 3088 Nam,
415 3013 557 3085 quantum
577 3009 669 3090 ferro,
690 3014 805 3071 tantum
823 3009 936 3088 pietate
956 3011 1090 3086 potentes

340 3109 475 3175 Stemus:
495 3115 632 3176 victrices
652 3116 862 3194 temperatim
882 3131 994 3175 manus.

300 3212 373 3294 Hic,
394 3211 471 3277 Anio
491 3216 639 3296 Tiburne,
659 3217 743 3298 fluis3
764 3216 929 3278 Olilumnus
949 3217 987 3276 ab
1008 3216 1118 3280 Umbro

340 3319 488 3400 Tramite,
510 3323 540 3381 ct
560 3325 710 3382 aeternum
730 3320 859 3382 Marcius
878 3318 982 3381 humor
1002 3336 1091 3398 opus,

300 3417 492 3499 Albanusque
513 3422 609 3502 lacus,
630 3423 703 3484 socii
721 3423 911 3485 Nemorensis
932 3425 962 3483 et
981 3421 1077 3501 unda,
1156 3491 1161 3501 ‚
1225 3412 1255 3476 25

339 3525 474 3603 Potaque
493 3527 622 3590 Pollucis
642 3527 754 3606 limpha
774 3528 901 3589 salubris
921 3545 1007 3604 equo.

300 3627 343 3692 At
362 3648 420 3692 non
440 3647 595 3708 squamoso
614 3632 753 3694 labuntur
772 3635 876 3694 ventre
896 3633 1045 3712 cerastae,

340 3731 418 3797 Itala
436 3733 579 3816 portentis
598 3753 653 3798 uec
672 3733 744 3800 furit
763 3735 843 3801 unda
862 3733 963 3814 novis,
