2642 4396
296 781 542 866 EPISTULA
575 781 888 868 rarifluslr

166 978 305 1055 Qulx
346 980 653 1044 Paorrarro
693 981 1009 1044 raramraa.

477 1216 695 1228 *-

343 1385 550 1434 aaxrrrrrsa
571 1387 624 1434 an
644 1387 838 1437 arcanii.

298 1508 394 1570 (cora,
420 1510 503 1560 xum.
527 1510 557 1569 a,
583 1510 635 1569 1v;
661 1512 759 1561 raam.
785 1512 815 1571 a,
842 1510 882 1574 v.)

75 1645 147 1695 Hane
163 1659 255 1710 quoque
271 1641 406 1709 epistolam,
423 1643 544 1693 Heroidaa
561 1643 689 1694 ovidiana
700 1643 845 1704 imitantem,
859 1643 944 1694 Sabino
958 1647 1102 1698 amandam

107 1727 224 1777 existimo.
258 1725 279 1774 Ε
303 1723 356 1774 Lib.
378 1725 442 1774 Text.
467 1723 584 1787 Cynthiae
605 1725 708 1775 derivata
728 1726 833 1784 videtur,
855 1725 954 1778 mutatis
970 1728 1103 1781 nontinibut

110 1809 214 1874 Lycotae
230 1807 255 1856 in
271 1807 423 1866 Postumum,
442 1806 520 1856 Aeliae
536 1807 617 1858 Gallae
632 1807 656 1857 in
673 1807 824 1858 Arethusam.

159 1943 243 2006 Haeo
261 1943 411 2006 Arethusa
429 1962 483 2007 suo
502 1946 593 2006 mittit
612 1945 753 2006 mandata
772 1945 922 2024 Lycotae,

201 2044 274 2106 Cum
294 2048 381 2108 toties
402 2048 497 2126 absis,
519 2048 545 2109 si
565 2051 649 2124 potes
670 2066 735 2108 essa
755 2066 848 2109 meus.

161 2152 193 2212 Si
213 2169 272 2228 qua
291 2156 390 2212 tamen
410 2151 466 2212 tibi
485 2153 595 2212 lecturo
614 2170 684 2229 pars
704 2151 797 2213 oblita
816 2151 926 2231 deerit,

199 2255 281 2317 Haec
301 2256 356 2316 erit
376 2273 393 2316 e
413 2256 542 2316 lacrimis
561 2255 639 2318 facta
659 2257 750 2316 litura
769 2255 860 2335 mais3

160 2358 221 2420 Aut
240 2360 268 2418 ai
287 2375 346 2436 qua
365 2359 476 2420 incerto
496 2357 580 2420 fallat
600 2362 630 2418 te
650 2358 749 2418 littara
771 2361 883 2436 tractu,
1115 2355 1133 2415 5

199 2459 290 2536 Signa
309 2461 393 2521 meaa
414 2461 535 2522 dextrae
555 2461 615 2534 iam
635 2459 785 2520 morientis
806 2462 900 2519 amnt.

160 2563 206 2622 Ta
227 2560 311 2622 modo
331 2562 468 2623 viderunt
487 2564 609 2624 iteratas
629 2562 737 2622 Bactra
756 2579 809 2638 per
829 2578 915 2641 oras,

198 2667 244 2726 Te
264 2666 349 2727 modo
369 2666 481 2726 munito
501 2665 618 2728 Sericus
638 2664 731 2725 hostis
753 2681 844 2740 equo:

160 2771 279 2838 Haecna
299 2770 406 2830 marita
425 2766 520 2830 fides?
541 2766 599 2828 liae
619 2771 724 2845 pactae
743 2767 821 2827 inter
841 2766 925 2828 savia
944 2769 1061 2846 noctes,

199 2873 272 2934 (lum
291 2873 374 2935 rudis
393 2871 508 2948 urgenti
528 2869 651 2932 brachia
670 2870 750 2931 victa
770 2868 863 2929 dadi?
1093 2867 1132 2927 10

160 2978 244 3055 Quae
264 2976 337 3036 mihi
358 2975 499 3036 deductae
519 2973 571 3033 fax
591 2991 676 3035 oman
696 2971 853 3050 praetulit,
874 2971 928 3031 illa

200 3081 307 3141 Traxit
326 3080 364 3139 ab
385 3095 486 3138 averso
506 3077 618 3137 lumina
636 3077 721 3152 nigra
741 3093 831 3152 rogo:

159 3183 200 3246 lit
220 3181 323 3258 Stygio
343 3198 407 3240 sum
427 3196 530 3256 sparsa
550 3179 632 3257 lacu,
652 3195 706 3238 nee
726 3180 807 3237 recta
827 3174 943 3251 capillis

199 3284 283 3344 Vitta
302 3283 372 3342 data
393 3283 451 3342 est:
472 3280 559 3357 nupsi
578 3298 637 3341 non
657 3278 814 3340 comitante
835 3277 899 3336 deo.

159 3385 261 3448 Omnis
281 3383 340 3444 hau
361 3383 452 3460 portis
472 3382 602 3459 pendant
622 3400 688 3442 mea
707 3381 796 3443 noxia
815 3383 901 3458 vota3
1092 3375 1130 3435 15

199 3488 325 3550 Texitur
344 3486 418 3546 haec
438 3486 541 3546 castris
562 3489 668 3561 quarta
687 3487 805 3547 lacerna
825 3483 892 3544 tuis.

159 3591 297 3669 Occidat‚
317 3589 464 3650 immerita
483 3589 533 3666 qui
554 3587 664 3665 carpsit
685 3587 722 3647 ab
743 3585 846 3652 arbore
866 3583 995 3661 vallum,

198 3695 238 3754 Et
257 3693 364 3756 struxit
385 3692 522 3768 querulas
541 3708 631 3752 rauca
650 3707 704 3768 per
723 3707 791 3751 ossa
810 3689 913 3766 tubas,
