2624 4398
557 352 614 412 109

345 631 820 704 nunernxxvnr.

464 792 517 842 an
544 791 706 842 auream.

260 913 344 980 (meu
369 912 399 975 e,
424 913 509 966 sarm.
532 913 563 966 e.
589 914 824 978 11131eeem4‚
850 916 906 981 Ν.)

56 1049 144 1098 Recte
159 1046 345 1116 luiponem,
369 1052 397 1100 ut
418 1047 510 1116 primns
531 1053 554 1100 et
574 1048 671 1101 ultimus
687 1066 768 1102 rerem
784 1051 910 1103 dealmant.
933 1051 1100 1120 Perperene

94 1130 186 1182 militia
206 1131 343 1193 abhorrere,
364 1131 485 1183 manubiae
501 1148 548 1182 non
564 1133 725 1201 concupiscere
739 1133 814 1184 suune
827 1133 948 1199 juraverat
964 1133 1002 1186 El.
1019 1134 1058 1186 XI
1073 1138 1099 1186 et

96 1213 156 1264 xn
171 1212 241 1278 inim
258 1213 338 1275 Lib1i;
353 1213 379 1264 in
395 1214 440 1265 hac
455 1215 541 1266 iterum
557 1214 687 1282 iterumque
702 1217 835 1284 profitetur.

154 1351 242 1416 Pacis
261 1351 352 1414 Amor
371 1351 445 1414 deus
466 1356 528 1433 est,
549 1371 652 1431 pacem
672 1369 847 1416 veneramur
867 1356 1016 1416 amantes:

195 1455 249 1518 Sat
268 1455 343 1517 mihi
363 1475 428 1519 cnm
449 1456 569 1519 domina
587 1458 702 1537 praelia
721 1457 796 1520 dura
816 1475 892 1520 mea.

154 1560 219 1622 Nec
238 1560 312 1622 mihi
332 1561 414 1624 mille
429 1561 512 1640 jugis
532 1560 693 1641 Campania
711 1562 831 1642 pinguis
851 1565 970 1644 aratur,

193 1663 259 1724 Nec
277 1663 354 1724 bibit
374 1681 391 1724 e
411 1681 528 1741 gemma
547 1663 640 1726 divite
659 1669 760 1726 nostra
779 1665 860 1747 sitis3

155 1765 223 1828 Non
242 1769 343 1828 tamen
363 1767 459 1828 inviso
478 1771 582 1846 peetus
601 1766 675 1828 mihi
695 1768 827 1846 carpitur
846 1785 933 1848 auro,
1111 1768 1129 1829 5

194 1869 259 1930 Nec
278 1868 368 1929 miser
388 1887 458 1930 aera
477 1887 550 1948 paro
571 1871 670 1951 mado,
691 1869 847 1951 Corintho,
867 1875 929 1932 tna

155 1969 182 2032 0
201 1970 298 2052 prima
316 1969 420 2032 infelix
439 1970 562 2050 fingenti
581 1976 661 2035 terra
680 1973 871 2037 Prometheo!
925 2027 929 2042 ,

196 2075 252 2138 Ille
271 2093 374 2155 parum
394 2076 474 2138 canti
493 2076 619 2154 pecteris
639 2077 701 2155 egit
721 2094 809 2155 opus:

155 2175 286 2257 Corpora
305 2178 462 2258 disponens
482 2183 610 2241 mentem
630 2198 689 2241 non
707 2178 784 2242 vidit
804 2179 836 2242 in
856 2183 928 2242 aree.

195 2280 288 2344 Recta
308 2281 399 2342 animi
418 2282 543 2360 primum
563 2281 665 2344 debuit
686 2299 751 2344 esee
771 2283 831 2342 via.
1090 2284 1129 2342 10

154 2383 241 2448 Nunc
260 2385 350 2446 maris
371 2386 402 2446 in
422 2390 537 2448 tantum
557 2389 645 2448 vente
660 2385 807 2464 jactamur
817 2431 826 2466 ,
846 2389 877 2448 et
896 2384 1010 2447 hostem

196 2486 388 2568 Quaerimus,
409 2492 498 2566 atque
520 2489 610 2549 armis
630 2489 776 2550 nectimus
789 2507 878 2554 ,arma
897 2507 983 2550 nova.

156 2589 245 2654 Hand
265 2593 342 2654 ullas
362 2593 493 2670 portabis
514 2609 584 2670 opes
606 2590 781 2654 Acherontis
802 2592 841 2652 ad
861 2592 972 2653 undas:

193 2694 299 2756 Nudus
319 2698 351 2755 at
369 2694 497 2774 inferna,
518 2697 623 2775 stulte,
643 2695 753 2757 vehere
771 2699 845 2757 rate.

156 2797 258 2860 Victor
278 2817 343 2860 enm
363 2799 451 2860 victis
470 2799 580 2876 pariter
599 2798 770 2860 miscebitur
789 2797 916 2878 umbrie3
1089 2797 1127 2859 15

196 2900 323 2964 Consule
343 2921 408 2965 eum
427 2904 537 2984 Mario,
559 2909 644 2981 capte
663 2902 827 2984 Jugunha,
848 2903 951 2986 sedes3

155 3002 259 3082 Lydus
279 3005 416 3069 Dulichio
435 3024 494 3069 non
513 3007 605 3068 distat
624 3005 750 3068 Oroeeus
769 3007 808 3068 ab
825 3006 885 3088 Iro.

195 3103 314 3186 Optima
333 3125 426 3189 mors,
448 3110 567 3189 propria
586 3128 663 3186 qnae
682 3110 765 3170 venit
785 3113 852 3171 acta
871 3109 930 3171 die.

155 3207 203 3270 Me
219 3209 307 3287 juvat
327 3210 358 3271 in
377 3211 474 3288 prima
493 3211 619 3274 coluisse
639 3212 783 3274 Helicona
799 3213 942 3293 juventa,

193 3313 401 3392 Musarumque
421 3314 518 3376 choris
538 3315 719 3393 implicuisse
739 3332 858 3396 manns3
1089 3317 1130 3376 20

154 3414 202 3478 Me
218 3417 307 3495 juvat
327 3421 357 3479 ot
376 3418 468 3479 multo
487 3421 615 3479 mentem
634 3417 747 3479 vincire
767 3417 888 3499 Lyaeo,
937 3451 939 3456 ,

193 3519 234 3580 et
254 3525 343 3599 caput
363 3522 394 3583 in
413 3540 506 3583 verna
526 3539 643 3600 semper
661 3520 772 3584 habere
792 3541 869 3584 rosa.
1060 3605 1062 3610 ι

155 3619 252 3698 Atque
272 3624 324 3685 nbi
339 3625 403 3703 jam
423 3624 569 3686 Venerem
588 3626 689 3704 gravis
710 3609 898 3703 interceperit
918 3627 1017 3707 aetas,
1094 3661 1095 3665 =

194 3725 342 3804 Sparserit
362 3732 392 3792 et
411 3730 511 3808 nigras
531 3729 600 3792 alba
619 3732 739 3792 senecta
759 3745 872 3810 comas,
