2642 4396
715 377 775 444 1⁷0
788 433 792 440 .

319 555 405 620 Unde
424 551 499 618 mihi
517 550 637 618 Parthia
656 555 762 630 gnatos
781 552 924 630 praebeo
943 551 1124 634 triumphis?

354 657 464 722 Nullos
483 655 522 718 de
541 659 640 718 nostro
659 654 805 733 omguine
824 655 911 720 miles
930 655 997 718 erit.

315 761 402 841 Quod
421 759 448 823 si
468 777 540 822 vera
559 777 644 822 meae
663 758 819 820 comitarer
838 763 936 822 eastra
954 760 1074 840 puellae
1237 759 1264 820 lt

355 865 424 926 Non
443 861 516 926 mihi
536 865 584 925 sat
603 881 728 940 magnus
748 860 879 924 Castoris
899 863 957 925 iret
976 880 1079 942 equus.

316 967 394 1032 Hine
414 967 524 1030 etenim
543 970 657 1028 mutum
677 966 785 1028 meruit
804 985 871 1028 mea
890 965 986 1043 gloria
1004 985 1130 1048 nomon,

356 1071 459 1136 Gloria
477 1071 518 1136 ael
537 1069 676 1134 hibernos
694 1071 759 1132 lata
777 1069 1020 1148 Borysthenidas.

317 1175 367 1240 Tu
386 1174 460 1237 mihi
480 1175 544 1236 sola
563 1175 680 1253 planes:
699 1174 834 1252 placeam
853 1173 925 1253 tihi,
945 1172 1090 1254 Cynthia,
1112 1174 1203 1238 solua!
1293 1173 1295 1218 l

357 1278 415 1340 Hie
436 1277 492 1340 erit
512 1280 543 1338 et
561 1277 657 1355 patrio
677 1277 820 1354 sanguine
839 1277 933 1356 pluria
953 1295 1043 1339 amor.
1239 1278 1267 1336 20

318 1381 399 1445 Uxor
417 1396 465 1441 me
485 1396 661 1459 numquam,
680 1396 839 1456 numquam
860 1379 979 1442 didueet
998 1379 1110 1442 amiea:

357 1483 479 1563 Semper
498 1483 595 1546 amiea
614 1483 705 1566 mihi,
725 1502 841 1564 semper
860 1489 891 1545 et
910 1502 984 1546 uxor
1004 1484 1071 1546 eris.

246 1669 269 1718 1.
306 1665 393 1716 Gavisa
415 1669 450 1715 eat
471 1663 544 1714 Codri.
569 1663 712 1714 eoeneum
733 1662 835 1714 eonexit
859 1661 948 1712 Gavisa
968 1677 1000 1711 ea.
1036 1659 1175 1711 Heineeoins
1191 1659 1217 1708 de
1230 1658 1267 1720 leye

197 1749 278 1814 Papia
294 1750 390 1814 Poppea
406 1746 501 1798 scribit:
527 1745 639 1796 uFurtivi
655 1749 722 1796 erant
738 1749 820 1814 poetae
836 1761 863 1796 ao
881 1744 997 1810 Cynthiae
1013 1759 1103 1794 amores
1120 1758 1202 1810 eosque
1213 1737 1267 1803 justit
1294 1749 1295 1784 l

196 1829 357 1901 praeferebant
378 1829 474 1896 nuptiis.
507 1828 599 1879 Edicta
620 1843 676 1893 ergo
698 1831 761 1893 lege,
777 1827 838 1880 idest
853 1843 920 1878 more
935 1827 1053 1891 majorum
1069 1841 1112 1892 per
1127 1823 1267 1877 trinundinun

195 1914 355 1982 promulgata,
380 1911 483 1978 gravim
507 1909 629 1971 dolebant,
653 1911 724 1960 veriti
749 1926 778 1962 ne
802 1910 954 1968 divellantur,
980 1909 1000 1961 si
1021 1909 1146 1976 Propertio
1162 1904 1267 1960 somniem

195 1997 272 2062 legem
292 1995 419 2046 muudum
440 1996 501 2044 osset
516 1993 700 2044 matrimonium.
733 1995 810 2046 Tanto
825 1992 901 2058 magis
916 2007 974 2042 vero
990 1991 1135 2058 gaudebant,
1152 2005 1218 2056 qnam
1231 2001 1267 2036 ean

194 2079 353 2144 intelligerent
364 2077 509 2127 ablatam·
529 2076 650 2140 Augustos
663 2075 745 2127 moltis
758 2079 814 2142 post
827 2075 893 2126 annis
905 2073 1064 2140 legamdanno
1072 2062 1179 2140 rogavit,
1190 2075 1269 2135 unqu

195 2161 306 2230 pertulit,
322 2157 504 2226 quinquennuali
520 2157 640 2208 vaoatione
655 2157 718 2208 data.

244 2249 270 2302 h.
301 2251 337 2301 Aa
350 2265 449 2315 magnas
463 2251 601 2299 Caesari..
614 2251 650 2299 est
663 2247 774 2311 objectio,
789 2248 825 2298 eui
839 2247 920 2298 atatim
932 2247 1074 2313 respondent
1088 2261 1149 2312 qnae
1155 2243 1269 2312 sequuntur.
1293 2261 1294 2280 o

244 2338 270 2388 8.
303 2339 421 2398 Perdere,
436 2341 460 2388 et
472 2355 495 2387 v.
510 2338 542 2388 10
552 2338 651 2402 prodita
664 2339 737 2388 Gmn.
752 2339 777 2387 et
785 2338 860 2404 Neap.
869 2337 990 2397 Prodere,
997 2335 1129 2403 peraitain
1139 2329 1267 2388 Vossianoil

195 2425 220 2472 et
237 2421 290 2482 lv,
306 2420 367 2485 quod
382 2435 436 2469 enm
452 2419 583 2470 Passeratio
599 2420 682 2486 reoapi.

229 2512 269 2560 1³.
304 2511 376 2561 Oedi.
396 2511 484 2574 patriis
505 2512 643 2578 triumphu
665 2510 793 2576 ignobilem
814 2509 952 2562 sententiam
975 2508 1021 2559 eivi
1043 2511 1151 2560 Romano
1170 2505 1268 2570 hagnam

195 2591 318 2659 Propertio
330 2592 447 2658 imputare
460 2593 541 2645 nolim.
558 2593 657 2658 Egregie
670 2591 823 2642 Ruhnkenius
836 2591 966 2642 emendavit
979 2590 1094 2642 Parthia:
1112 2592 1270 2660 Curproemffl

194 2675 280 2726 liberos
297 2673 337 2739 qui
352 2675 378 2724 in
393 2674 525 2739 longinquis
541 2675 611 2725 terris
628 2675 691 2740 eapti
707 2673 852 2725 Parthorum
867 2673 1001 2740 triumphos
1018 2677 1138 2739 augeant?

230 2763 269 2814 15.
304 2762 377 2814 eodo.
395 2764 535 2815 comitarent
548 2771 629 2816 easta
640 2766 745 2831 puellae.
763 2765 865 2829 Rejeetia
873 2781 920 2815 non
927 2765 1047 2816 immerito
1055 2764 1177 2814 dootornm
1185 2761 1269 2812 ummo
1292 2777 1293 2830 3

196 2845 350 2909 conjecturis,
367 2846 529 2898 Laehmennns
546 2864 570 2898 se
586 2849 611 2898 in
626 2848 672 2898 hoe
687 2863 758 2898 versu
773 2847 833 2897 nihil
849 2847 980 2912 intelligere
991 2848 1087 2898 latetur.
1105 2843 1202 2898 Poenino
1208 2845 1269 2892 tanffl
1292 2833 1293 2838 ¹

197 2941 277 2977 veram
299 2925 421 2979 leetionem
443 2929 480 2978 vel
501 2935 634 2982 sanaverat
649 2931 687 2982 vel
702 2931 848 2981 restituerat:
866 2930 1002 2981 comitam.
1036 2929 1101 2982 Vera
1117 2933 1193 2980 oasha
1207 2926 1270 2994 potiti

197 3011 253 3057 sunt
273 3010 350 3058 eastra
372 3009 496 3061 amatoria:
520 3012 585 3061 Hine
607 3012 693 3062 mentm
716 3017 810 3063 tantum
831 3013 918 3064 meu&
934 3028 976 3062 sua
990 3012 1072 3078 gloria
1088 3027 1189 3070 nomen,
1210 3001 1276 3057 olom

197 3092 233 3140 ad
248 3089 359 3142 hiemes
375 3094 428 3142 lata
444 3093 642 3157 Borysthenidas.
665 3094 690 3143 Si
706 3093 763 3143 haec
779 3110 834 3144 vera
851 3098 927 3144 eastre
945 3094 1061 3161 Cynthiae
1078 3094 1143 3160 sequi
1161 3091 1242 3160 poseat,
1255 3099 1276 3133 tt

196 3187 295 3238 magnus
312 3173 404 3239 quidem
421 3191 492 3239 equus
510 3175 627 3233 Castoris,
644 3191 674 3224 ne
691 3175 800 3241 Cyllarus
817 3176 909 3242 quidem
925 3175 989 3242 ipse,
1005 3175 1051 3226 iret
1066 3175 1103 3226 illi
1117 3178 1155 3226 sat
1167 3174 1184 3225 i.
1197 3189 1215 3223 e
1226 3167 1269 3219 aeli!

195 3254 313 3305 velociter.
331 3255 444 3315 Ovidius,
458 3256 510 3306 Am.
527 3256 554 3314 Ι,
568 3258 595 3306 9:
612 3255 706 3307 Melita!
719 3257 795 3306 omnis
807 3274 902 3317 amam,
917 3263 941 3308 et
955 3259 1027 3309 latet
1040 3271 1087 3309 aaa
1100 3251 1268 3320 amethysti

228 3344 270 3394 20.
304 3345 391 3395 Patrio
404 3345 520 3411 sanguina
528 3347 691 3397 Laehmnnnns
705 3347 816 3412 intelligit
829 3349 991 3414 eognationenn
1003 3348 1137 3416 sanguinis,
1153 3361 1207 3413 quae
1221 3337 1268 3410 patri

195 3441 249 3476 oum
265 3423 320 3476 tiliis
335 3426 463 3478 intercedit.

229 3514 270 3564 21.
305 3503 439 3565 Distielrum
453 3516 515 3582 quod
529 3516 639 3567 ultimum
652 3520 783 3570 aunsetitnr
796 3519 933 3585 fragmentis
948 3518 1001 3569 nib.
1016 3521 1082 3580 See,
1097 3523 1164 3587 (qnae
1176 3518 1199 3567 iu
1212 3508 1268 3564 Call·

193 3598 257 3647 hano
278 3593 375 3660 elegiam
399 3597 548 3662 praeoedunt)
571 3597 595 3646 in
616 3600 693 3648 eedem
715 3615 781 3650 suam
802 3601 956 3651 traduxerunt
976 3599 1081 3667 Scaliger
1097 3604 1121 3653 et
1138 3597 1229 3667 Lipsius.
1243 3615 1268 3630 ··

198 3682 272 3731 Gron.
295 3679 319 3726 et
342 3677 417 3744 Neap.
439 3695 476 3729 ms
497 3678 576 3729 ducet.
602 3679 698 3732 Volscus
720 3682 822 3734 eorrexit
843 3683 959 3741 deducam
983 3685 1134 3735 Burmannus
1154 3675 1267 3750 eonjitltltl
1290 3665 1291 3690 ¹

196 3761 319 3816 subducet.
353 3759 539 3811 Schneidewinns
556 3761 664 3824 diducet,
681 3765 743 3836 qood
759 3765 827 3822 unioe
842 3781 923 3822 vuum
939 3764 1040 3822 videtur.
