2642 4396
561 367 618 426 177

159 536 267 597 Noster
287 553 369 597 amor
388 536 465 596 tales
485 536 590 598 tribuit
611 537 681 618 tibi,
702 537 847 619 Cynthia,
869 540 989 622 laudes3

198 637 343 700 Versibus
362 638 509 716 insignem
528 643 558 700 te
579 639 671 716 pudet
691 659 758 704 esse
777 643 861 704 meis.

158 743 275 804 Fictam
295 748 326 804 te
345 743 432 804 varia
449 743 570 804 laudavi
591 762 680 823 saepe
701 745 811 826 figura,

198 848 255 927 Ut,
277 847 355 924 quod
375 865 434 908 nou
454 865 552 927 esses,
573 865 639 909 esse
659 853 778 927 putaret
799 868 896 928 amor,

159 949 200 1012 ut
219 951 298 1012 color
318 954 364 1012 est
384 950 472 1011 toties
492 968 576 1016 roseo
596 951 720 1014 collatus
741 953 820 1032 Eoo,

198 1051 272 1113 Oum
290 1051 346 1113 tibi
367 1053 519 1130 quaesitus
541 1054 648 1115 candor
668 1055 700 1116 iu
721 1073 770 1116 ore
791 1054 875 1116 foret.

160 1153 247 1230 Quod
266 1153 339 1214 mihi
359 1173 417 1216 nou
437 1156 526 1232 patrii
546 1160 683 1234 poterant
703 1161 837 1216 avertere
859 1157 961 1236 amici,

197 1259 305 1320 Eluere
326 1264 378 1320 aut
397 1263 481 1321 vasto
501 1260 649 1321 Thessala
669 1279 742 1337 saga
762 1262 846 1321 mari.
1098 1264 1137 1322 10

157 1363 241 1424 Haec
261 1381 317 1441 ego
336 1382 394 1424 non
415 1364 507 1444 ferro,
528 1384 586 1426 uon
605 1365 674 1444 igne
695 1370 830 1444 coactus,
853 1369 882 1426 et
903 1365 969 1442 ipsa

196 1467 365 1545 Naufragus
385 1467 506 1546 Aegaea
528 1469 617 1530 verba
636 1469 752 1530 fatebar
772 1488 859 1547 aqua.

155 1567 315 1650 correptus
335 1590 423 1634 saevo
444 1573 569 1635 Veneris
586 1575 723 1636 'torrebar
743 1572 855 1654 ahen03

196 1676 320 1737 Vinctus
340 1693 421 1736 eram
441 1694 544 1738 versas
564 1677 596 1737 iu
616 1695 684 1738 mea
703 1681 788 1754 terga
806 1693 920 1738 manus.

154 1779 232 1840 Ecce
253 1782 407 1840 coronatae
427 1784 544 1857 portum
565 1780 690 1857 tetigere
711 1781 851 1859 carinae,
1092 1779 1132 1840 15

196 1884 352 1962 'lrajectae
374 1883 493 1962 Syrtes,
515 1902 623 1945 ancora
638 1884 722 1961 jacta
742 1882 816 1944 mihi
837 1887 891 1944 est.

154 1987 241 2048 Nunc
261 1987 379 2048 demum
398 1990 483 2048 vasto
504 1986 576 2048 fessi
597 1987 798 2064 resipiscimus
819 1989 918 2063 aestu,

194 2089 383 2167 Vulneraque
404 2088 443 2149 ad
464 2107 568 2150 sanum
588 2103 665 2150 nunc
687 2089 784 2150 coie're
805 2106 880 2150 mea.

152 2193 238 2253 Mens
258 2194 350 2272 bona,
372 2193 399 2254 si
419 2209 479 2268 qua
499 2192 556 2252 dea
577 2210 628 2270 es,
650 2196 703 2252 tua
723 2210 770 2252 me
791 2193 824 2252 in
844 2190 974 2254 sacraria
994 2191 1086 2254 dono:

192 2295 374 2358 Exciderant
394 2296 483 2357 surdo
503 2300 547 2356 tot
567 2313 634 2356 mea
654 2300 724 2356 vota
744 2296 821 2356 Jovi.
1092 2297 1133 2356 20

151 2403 242 2464 Risus
263 2421 344 2464 eram
363 2402 469 2480 positis
490 2402 568 2462 inter
589 2401 725 2462 convivia
745 2401 873 2479 mensis,

192 2506 233 2566 Et
253 2507 291 2566 de
311 2524 358 2567 me
378 2509 494 2585 poterat
515 2505 642 2582 quilibet
664 2523 729 2566 esse
749 2506 868 2582 loquax.

150 2608 289 2686 Quinque
310 2608 365 2669 tibi
385 2608 467 2686 potui
488 2609 600 2669 servire
621 2607 749 2669 fideliter
769 2626 879 2670 annos:

192 2713 298 2790 Ungue
318 2730 414 2773 meam
435 2731 531 2774 morso
552 2730 641 2790 saepe
663 2730 786 2788 querere
806 2712 905 2775 fidem.

151 2817 205 2877 Nil
225 2835 343 2878 moveor
363 2817 509 2897 lacrimis3
531 2817 590 2877 ista
611 2834 676 2878 sum
697 2821 800 2878 cautus
822 2817 860 2876 ab
882 2819 964 2876 arte:
1091 2816 1149 2876 25,

192 2919 315 2997 Semper
334 2919 372 2980 ab
394 2919 527 2998 insidiis,
549 2917 694 2998 Cynthia,
716 2920 788 2980 flere
810 2921 896 2981 soles.

151 3025 246 3086 Flebo
266 3043 322 3102 ego
343 3024 515 3102 discedens,
536 3025 590 3085 sed
610 3026 711 3086 fletum
733 3024 842 3102 injuria
862 3022 971 3102 vincit3

189 3130 238 3191 'lu
258 3131 334 3192 beue
356 3131 533 3192 conveniens
554 3148 614 3190 uon
635 3130 709 3191 sinis
731 3129 775 3190 ire
792 3129 908 3206 jugum.

149 3234 269 3294 Limina
284 3235 480 3312 jam'nostris
501 3234 622 3294 valeant
643 3233 829 3293 lacrimantia
849 3231 964 3310 verbis,

190 3338 254 3398 Neo
274 3340 374 3396 tamen
394 3337 471 3396 irata
487 3336 581 3413 janua
602 3335 696 3394 fracta
716 3352 814 3395 mauu.
1091 3335 1132 3393 30

149 3440 190 3501 At
210 3445 241 3502 te
261 3440 366 3500 celatis
387 3444 470 3500 aetas
490 3439 590 3516 gravis
611 3441 716 3514 urgeat
738 3438 840 3514 aunis,

189 3544 231 3604 Et
251 3542 352 3603 veniat
372 3542 483 3604 formae
504 3560 578 3619 ruga
600 3541 721 3602 sinistra
743 3545 821 3601 tuae.

149 3646 268 3708 Vellere
290 3651 352 3707 tum
373 3647 474 3724 cupies
495 3647 578 3708 albos
600 3664 619 3705 a
639 3645 731 3720 stirpe
754 3644 896 3720 capillos,

190 3747 239 3808 Ah
259 3750 379 3826 speculo
399 3767 489 3825 rugas
511 3748 706 3826 increpitante
728 3747 799 3826 tibi3

1000 3850 1033 3900 12
