2624 4398
695 376 754 435 114

178 555 308 613 Paterae·
325 556 380 621 quia
395 555 638 619 (notatBunnannus)
654 555 759 606 Philetas
775 551 907 624 Παιγνια
923 569 964 606 sen
981 555 1047 606 tuac
1063 555 1281 621 carmiueelegiaco

177 638 278 705 scripsit.
311 639 382 688 Unde
398 639 508 704 Ungerus
524 640 640 706 reposuit:
663 640 792 691 theatina
808 653 932 690 mmm
948 640 1015 690 eom
1028 638 1125 690 imitere
1142 638 1280 690 Philotan.

177 721 231 770 Hoc
244 736 313 771 versu
327 723 393 772 lmus
406 721 512 773 Philetae
525 726 693 786 memorantur,
707 722 733 773 in
749 722 902 790 subsequente
918 721 1011 773 aemuia
1022 721 1175 774 Callimachi.
1193 723 1280 773 himen

176 804 294 856 dationem
309 804 394 871 recepi.

226 894 249 944 8.
284 892 383 944 Imitare
400 893 494 944 somnia·
507 891 649 944 Callimachi
664 911 712 946 non
728 895 811 946 induti.
839 894 888 945 Alii
903 895 1102 961 interpretantur:
1120 909 1171 945 non
1188 893 1283 944 imitare

176 979 266 1028 somnia
289 979 426 1029 Callimachi
447 978 536 1034 inflati3
561 995 620 1044 quae
642 978 732 1029 somnia
754 979 859 1045 Scaliger
881 979 994 1045 intelligit
1017 979 1162 1032 Callimachi
1179 977 1280 1038 αἴτια,

175 1066 337 1114 morosum'et
353 1062 492 1122 obacarmn,
509 1066 537 1113 ut
554 1062 602 1123 ait,
620 1078 694 1130 opus,
711 1063 774 1130 quod
791 1065 820 1114 ad
836 1079 880 1115 nos
897 1080 945 1115 uon
961 1063 1074 1131 pervenit.

208 1155 265 1204 Set
281 1169 345 1220 seqq.
380 1153 503 1204 Certamen
528 1153 637 1203 Herculis
662 1156 686 1204 et
711 1153 809 1204 Acheloi
833 1153 936 1204 fluminis
959 1153 990 1204 ob
1013 1168 1118 1204 amorem
1142 1155 1282 1222 Dejanirae‚

175 1235 248 1305 flexus
264 1235 386 1285 Maeandri
401 1251 444 1302 per
460 1235 589 1300 Phrygiam
604 1235 716 1296 labentis,
740 1237 833 1304 pictura
854 1235 964 1286 furientis
980 1235 1088 1296 Arionis,
1105 1238 1163 1302 equi
1178 1239 1284 1290 hnmana

175 1334 231 1369 voce
246 1317 362 1384 praediti,
378 1317 502 1384 quadrigae
519 1317 655 1384 Amphiarai
672 1334 726 1368 cnm
741 1319 836 1370 domino
853 1318 931 1370 subito
945 1322 1021 1370 terrae
1028 1318 1095 1369 hiatu
1105 1319 1283 1388 absorptae,et

174 1413 238 1448 mors
260 1399 362 1465 Capanei
380 1397 558 1465 descriptiones,
581 1397 684 1459 tabulae,
706 1400 888 1466 parcebasesque
909 1403 977 1452 erant
999 1401 1114 1467 poematis
1132 1401 1285 1460 Thebaidos,

176 1481 213 1532 eui
230 1483 336 1548 Lynceus
344 1497 440 1532 manum
448 1483 589 1533 admoverat.
607 1483 721 1546 Quamvis
733 1483 791 1532 haec
804 1483 895 1544 omnia,
904 1483 982 1549 inquit
989 1482 1143 1548 Propertius,
1154 1485 1284 1548 grandiore

175 1578 216 1614 ore
235 1567 259 1614 et
279 1563 401 1628 magnifice
422 1564 597 1630 pronuntiaree,
623 1563 718 1614 minime
740 1563 785 1613 tibi
807 1563 934 1631 proderunt
957 1561 1047 1612 tumida
1069 1565 1093 1612 et
1111 1566 1284 1632 sesquipedahn

175 1645 246 1696 verba
262 1646 323 1712 apud
338 1646 448 1712 puellam.
483 1647 555 1696 Grou.
572 1663 595 1696 v.
612 1647 629 1695 9
645 1663 701 1696 emm
719 1661 816 1704 curam
843 1647 917 1712 Neap.
934 1663 991 1697 nam
1007 1661 1099 1698 rureua.
1135 1648 1284 1700 Heinsianus

176 1729 199 1776 et
215 1727 403 1777 Burmannianne
421 1727 435 1776 I
453 1727 525 1786 Jam,·
543 1727 604 1793 qnod
620 1729 768 1795 praeferrem.

210 1817 250 1866 10.
284 1817 356 1867 Gron.
374 1820 397 1866 et
414 1817 489 1882 Neap.
499 1817 588 1882 factus
605 1833 693 1869 amore.
718 1818 817 1870 Paccius
827 1820 936 1886 froctae.

210 1906 250 1956 11.
285 1907 359 1958 Codd.
377 1911 449 1974 atquc
464 1907 553 1966 etiam
570 1909 669 1960 forsitan
685 1909 780 1960 Jamae.

211 1996 251 2046 13.
285 1995 358 2046 Oodd.
375 2011 454 2046 omnes
470 1999 494 2047 et
510 1997 560 2048 edd.
567 1998 744 2064 famtArion.
762 2001 1055 2069 Reponesuriit,quartae
1064 2003 1282 2070 conj.velfurait,

176 2078 205 2129 de
221 2093 268 2144 qua
282 2081 361 2130 tamen
377 2095 434 2130 voce
451 2079 482 2129 V.
500 2080 673 2132 Foroellinium.
699 2083 789 2132 Statius
805 2083 869 2134 enim
886 2083 938 2134 nih.
956 2085 994 2134 VI
1011 2102 1034 2136 v.
1052 2085 1188 2136 424-30:

441 2163 549 2212 Senserat
566 2161 671 2212 adductis
692 2163 764 2214 alium
779 2176 906 2230 praesagas
921 2166 997 2217 Arion

443 2243 511 2294 Stare
526 2245 608 2294 ducem
624 2245 694 2305 loris,
711 2246 833 2312 dirumque
850 2251 976 2314 expaverat
991 2250 1070 2300 insons

442 2325 652 2392 Oedipodioniden:
667 2327 719 2391 Jam
734 2327 799 2378 illino
816 2343 830 2378 a
845 2328 926 2380 limine
941 2329 1029 2382 discors

443 2408 568 2474 Irataaque
584 2409 648 2460 oneri
664 2410 759 2460 insolito
775 2411 930 2463 truculentior
947 2414 1019 2463 ardet.

442 2491 567 2543 Inachidae
583 2493 682 2546 eredunt
698 2509 819 2544 accensum
835 2493 953 2546 laadihna:
970 2495 1010 2544 ille

443 2574 556 2638 Aurigam
572 2575 644 2640 fugit,
663 2577 758 2643 aurigae
774 2576 856 2627 huriale
872 2577 975 2628 minatur

443 2654 534 2706 Efferus
550 2659 594 2708 etc.

177 2735 261 2787 Miner
277 2738 302 2785 et
317 2735 400 2784 edema
417 2736 504 2798 Arion,
521 2739 597 2789 tristis
615 2757 689 2800 nuno,
706 2757 847 2808 quamquam
864 2742 953 2802 victor,
971 2745 1014 2792 etc.

211 2830 251 2882 lh.
286 2831 359 2881 Grou.
376 2833 400 2880 et
416 2833 492 2898 Neap.
509 2834 564 2882 Non
580 2835 758 2900 Amphiarae'ae
767 2843 869 2902 procreet
874 2838 939 2903 fata
948 2836 1088 2904 quadrigae.
1106 2837 1284 2897 Mentelianue,

177 2913 296 2964 Leidensis
313 2913 327 2962 I
339 2920 441 2979 peram
456 2915 502 2965 tibi
511 2917 590 2983 sata;
609 2918 727 2974 Leidensis
747 2921 789 2980 II,
807 2921 928 2981 Vossiani,
942 2922 1114 2972 Burmauuiani
1124 2923 1284 2988 prosumni

170 2997 234 3062 sata
249 2995 389 3064 quadrigae.
407 2997 596 3050 D’Orvillianns:
612 3001 706 3064 prosint
718 3001 775 3062 titi,
792 3003 832 3052 aed
846 3004 946 3054 secunda
959 3004 1285 3070 ettertiainAnpha'ar-aeae

177 3080 342 3147 corripiuntur.
368 3079 477 3132 Muretus
494 3083 595 3132 correxit
610 3083 787 3148 Amphiarodae
803 3084 841 3135 m‘l
851 3091 954 3152 prorant
963 3087 1027 3154 sata
1043 3087 1185 3152 quadrigae.
1210 3089 1283 3140 Atei

178 3163 272 3214 omittas
288 3163 334 3213 tibi
351 3162 440 3212 enervis
457 3164 502 3214 erit
518 3164 600 3214 oratio.
616 3165 720 3230 Scaliger
732 3167 905 3217 emendaverat:
923 3169 1285 3236 non,nannpldaraeaeriei

170 3244 234 3309 sata
249 3243 382 3310 quadrigae
398 3245 511 3305 Procint,
528 3251 571 3296 aut
589 3247 694 3311 Capanei
708 3253 782 3313 prata
799 3249 873 3300 ruina
887 3250 948 3300 Ioci.
967 3250 1282 3304 Innonnnllisanimcodd.

177 3342 262 3392 mono
284 3325 434 3377 desideratur.
469 3327 566 3377 Roherti
589 3327 680 3394 Ungeri
701 3330 866 3383 divinationem
889 3334 977 3399 recepi:
1000 3335 1056 3384 Nou
1065 3335 1122 3398 jara
1138 3335 1283 3388 Pheraeae.

177 3405 267 3459 Phrrae
291 3407 329 3459 vel
353 3409 443 3460 Pherae
467 3410 578 3477 oppidum
602 3412 628 3462 in
651 3413 760 3466 Laconia.
796 3416 928 3481 Quadrigae
944 3417 1097 3484 Amphiarai,
1114 3420 1174 3469 teste
1186 3419 1280 3482 Statio,

177 3491 305 3542 Laconicae
321 3495 394 3542 erant.

211 3597 250 3647 17.
285 3598 358 3648 Gron.
375 3597 506 3662 Aeschyleo
523 3601 653 3659 cethuma·
678 3604 702 3654 N
704 3620 754 3670 eap.
773 3609 855 3656 contra
871 3606 989 3656 Achilleo.
1007 3605 1115 3657 Editorea
1132 3608 1157 3658 in
1172 3623 1280 3661 errorem

175 3678 268 3730 induxit
275 3678 400 3730 Actaeus
416 3681 560 3740 coeamus,
578 3679 733 3745 Homericus,
748 3687 827 3753 opicus
837 3689 983 3748 cothurnus;
1000 3690 1282 3757 omnesquescripsernnt

176 3761 321 3828 Aeschyleo,
339 3763 430 3827 praeter
456 3760 598 3827 Scaligenmr
615 3768 639 3815 at
655 3766 848 3831 Broukhusium,
865 3769 905 3834 qui
922 3774 999 3822 tomen
1015 3771 1117 3838 intelligi
1133 3773 1233 3841 putabat
1253 3778 1281 3828 de
