2626 4404
658 351 726 410 ’62

182 541 187 548 ’
222 541 226 548 ·
280 527 320 598 Et
339 543 442 604 regum
463 528 574 589 auratis
594 527 774 590 circumdata
793 529 870 590 eolla
889 529 1017 610 catenis,

320 629 466 708 Actiaque
487 631 518 692 in
538 630 628 693 Sacra
648 651 763 693 currere
783 637 877 694 rostra
897 633 972 693 Via:

171 741 173 747 ’
282 736 327 796 Te
347 754 413 796 mea
432 738 517 798 Musa
537 738 597 798 illis
618 755 733 814 semper
752 741 923 798 contexeret
942 736 1049 816 armis,

320 840 360 900 Et
380 846 496 918 sumpta
517 846 546 902 et
565 843 663 918 posite
682 859 756 918 pace
775 840 862 902 fidele
883 845 978 918 caput.

281 939 340 1002 Sed
359 961 455 1021 neque
475 945 654 1022 Phlegraeos
673 946 772 1024 Jovis,
792 944 992 1021 Enceladique
1013 944 1157 1005 tumultus
1214 943 1253 1003 25

319 1046 437 1109 Intonat
457 1053 581 1126 angusto
600 1054 718 1127 pectore
739 1047 952 1127 Callimachum

280 1147 345 1210 Nec
364 1169 431 1211 mea
450 1153 626 1213 conveniunt
646 1153 718 1213 duro
738 1150 910 1228 praecordia
929 1167 1030 1228 versu,

321 1251 456 1317 Caesaris
476 1257 508 1316 in
527 1256 672 1334 Phrygios
692 1254 816 1316 condere
835 1271 942 1315 nomen
961 1271 1042 1313 avos.

280 1356 361 1418 Laus
381 1359 412 1418 in
433 1377 529 1420 amore
550 1361 638 1441 mori3
660 1361 725 1420 laus
745 1359 772 1419 si
792 1359 878 1419 datur
898 1360 992 1417 altera
1011 1356 1079 1416 vivo

320 1461 412 1522 Posse
432 1463 506 1524 frui:
526 1463 607 1524 fruar
626 1483 644 1525 o
664 1466 743 1524 solus
764 1481 862 1523 amore
883 1461 964 1521 meoi
1216 1461 1256 1520 30

282 1561 342 1624 Seu
361 1565 434 1626 mihi
454 1568 514 1628 sint
533 1570 681 1646 tangenda
700 1583 842 1629 novercae
861 1567 967 1643 pocula
986 1563 1160 1642 Phaedrae,

322 1669 431 1731 Pocula
450 1672 586 1750 privigno
605 1681 664 1733 non
683 1672 816 1732 nocitura
835 1687 903 1749 su03

247 1832 249 1837 ,
283 1769 341 1831 Seu
362 1773 435 1834 mihi
455 1773 575 1836 Circaeo
594 1774 775 1853 pereundum
795 1771 940 1849 gramine,
962 1769 1025 1830 sive

323 1872 439 1937 Colchis
459 1877 593 1939 Iolciacis
613 1882 679 1939 urat
699 1895 774 1938 aena
793 1876 881 1956 focis3

283 1978 350 2040 Una
370 1997 450 2050 meos
470 1982 607 2059 quoniam
626 1980 768 2059 praedata
788 1983 834 2040 est
852 1977 962 2038 femina
981 1989 1101 2052 sensus,
1216 1971 1254 2029 35

323 2081 371 2142 En
391 2081 447 2142 hac
467 2084 610 2144 ducantur
628 2082 731 2144 funera
750 2086 849 2142 nostra
869 2079 963 2140 domo.

283 2182 391 2247 Omnes
410 2187 553 2249 humanos
573 2192 657 2248 sanat
676 2186 822 2247 medicina
841 2184 972 2244 dolores:

322 2288 408 2351 Solus
428 2290 518 2353 Amor
532 2293 631 2354 morbi
650 2310 708 2352 non
727 2290 817 2350 habet
837 2285 987 2348 artificem.

284 2393 384 2454 Tarda
403 2394 584 2457 Philoctetae
605 2395 722 2457 sanavit
741 2411 827 2455 curre
846 2389 1006 2467 Machaon,

322 2498 477 2561 Phoenicis
497 2499 606 2562 Ohiron
624 2500 737 2560 lumina
757 2494 953 2574 Phillyrides;
1215 2487 1255 2546 40

283 2588 323 2660 Et
342 2603 415 2664 deus
436 2604 596 2664 extinctum
616 2601 729 2664 Cressis
748 2598 928 2678 Epidaurins
948 2593 1048 2656 herbis

201 2711 203 2716 '
322 2706 464 2767 Restituit
483 2708 587 2784 patriis
607 2707 802 2784 Androgeona
821 2704 908 2782 focis3

283 2810 385 2886 Mysus
406 2814 436 2870 et
455 2811 619 2872 Haemonia
634 2810 753 2888 juvenis
774 2827 832 2886 qua
851 2803 972 2883 cuspide
992 2803 1098 2863 vulnus

324 2915 477 2997 Senserat,
498 2916 554 2977 hac
574 2917 639 2993 ipsa
659 2915 780 2992 cuspide
801 2913 893 2974 sensit
913 2927 1007 2988 opem.

284 3020 348 3081 Hoc
367 3022 393 3082 si
413 3021 479 3099 quis
499 3021 604 3081 vitium
624 3019 731 3098 poterit
751 3017 823 3078 mihi
844 3016 977 3092 demere,
997 3011 1077 3072 solus
1215 3007 1252 3068 45

324 3125 471 3186 Tantalea
490 3127 599 3202 poterit
618 3125 735 3185 tradere
754 3141 842 3200 poma
862 3137 967 3199 manu3

284 3225 371 3288 Dolia
390 3227 532 3305 virgineis
552 3227 630 3287 idem
649 3226 700 3286 ille
721 3223 878 3302 repleverit
897 3219 994 3297 urnis,

324 3329 370 3389 Ne
391 3333 492 3390 tenera
513 3330 631 3390 assidua
651 3330 726 3390 colla
746 3329 904 3404 graventur
924 3340 1014 3401 aqua3

284 3432 367 3493 Idem
387 3431 530 3493 Caucasia
550 3433 645 3494 solvet
665 3432 702 3492 de
722 3448 794 3508 rupe
814 3425 982 3488 Promethei

325 3537 471 3618 Brachia,
492 3542 521 3598 et
541 3557 559 3597 a
579 3537 675 3597 medio
694 3538 812 3612 pectore
832 3533 922 3610 pellet
943 3546 1036 3589 avem.
1216 3525 1250 3584 50

272 3631 534 3719 'Quandocumque
555 3642 645 3718 igitur
664 3638 756 3700 vitam
776 3655 843 3698 mea
862 3635 924 3695 sata
943 3624 1137 3709 reposcent,

326 3747 366 3806 Et
385 3746 474 3807 breve
494 3747 525 3806 in
546 3745 653 3821 exiguo
672 3762 815 3805 marmore
835 3760 941 3804 nomen
961 3761 1026 3821 ero,
