2640 4400
553 324 591 383 17

141 499 249 560 Nonne
268 497 325 559 fuit
345 496 451 560 melius
471 495 545 559 duro
564 495 677 560 servire
697 499 839 578 tyranno,

183 601 224 661 hit
243 616 361 677 gemere
381 599 412 660 in
431 603 531 680 tauro,
552 617 642 663 saeve
661 599 788 680 Perille,
808 599 884 664 tue?

140 703 289 780 Gorgonio
310 706 340 763 et
360 702 453 764 setius
472 701 529 764 fuit
548 703 741 765 obdurescere
761 703 862 784 vultu,

181 805 340 868 Censesies
361 807 450 868 etiem
469 807 497 870 si
515 810 684 884 pateremur
704 823 784 868 sves.
1079 815 1120 876 10

142 909 203 972 Sed
222 915 322 971 tamen
341 909 497 972 obsistam:
517 910 623 972 teritur
642 911 779 988 rubigine
799 929 899 974 muero

182 1014 326 1095 Ferreus,
346 1017 377 1076 et
395 1033 487 1092 parvo
507 1031 597 1092 saepe
617 1016 732 1092 liquore
752 1016 837 1077 silex.

143 1117 185 1180 At
204 1118 285 1179 nullo
305 1117 440 1179 dominae
460 1117 565 1179 teritur
584 1119 640 1178 sub
659 1117 760 1178 limine
781 1136 877 1197 emor,
896 1118 949 1197 qui

182 1222 289 1283 Restat
308 1225 339 1282 et
357 1220 519 1282 immeritas
538 1221 665 1282 sustinet
684 1239 756 1283 eure
776 1221 886 1303 minns3

143 1324 230 1386 Ultro
249 1328 432 1404 contemptus
451 1329 536 1401 rogat
556 1328 586 1386 et
605 1341 743 1402 peeeesse
764 1323 889 1406 fatetur,
1080 1329 1119 1390 15

182 1429 298 1490 Laesus
318 1431 349 1490 et
368 1428 470 1490 invitis
490 1429 554 1506 ipse
574 1428 653 1488 redit
671 1427 809 1504 pedibus.

143 1533 195 1594 Nil
216 1551 272 1611 ego
291 1552 349 1594 non
369 1532 482 1610 patiani
502 1550 651 1608 nunquam
671 1549 719 1592 me
740 1531 850 1610 injurie
869 1536 979 1616 mntst3

183 1637 276 1699 Ferre
296 1655 351 1715 ego
370 1637 525 1697 formosam
544 1635 658 1696 nullum
679 1653 753 1696 onus
773 1651 839 1697 esse
858 1641 940 1714 puto.

145 1740 192 1801 'Pu
212 1757 329 1818 quoque
349 1740 401 1817 qui
420 1741 508 1818 pleno
527 1738 621 1800 festus
641 1738 773 1800 adsumis
790 1745 909 1821 emere,

183 1843 324 1925 Oredule,
344 1845 427 1905 nulla
447 1844 498 1904 diu
517 1842 627 1904 femine
647 1843 762 1920 pondus
782 1842 882 1906 hebet

145 1947 259 2024 Illeque
277 1948 394 2027 plebejo
413 1949 463 2008 vel
482 1948 523 2010 sit
541 1947 694 2024 bombycis
714 1948 842 2028 emietu,

184 2053 267 2114 Heee
287 2056 376 2130 atque
396 2053 450 2112 ills
468 2052 540 2112 meli
560 2051 691 2112 vulneris
711 2069 771 2112 une
789 2051 841 2113 vie
860 2057 914 2116 est.

146 2155 187 2217 At
204 2175 257 2218 vos
277 2156 329 2233 qui
349 2155 444 2216 officis
463 2154 495 2216 in
514 2156 621 2216 multos
641 2155 787 2218 revocetis
807 2173 938 2238 amores,

151 2305 152 2309 ,
185 2259 315 2320 Tantum
335 2277 393 2318 non
413 2258 524 2318 ernoiat
543 2258 655 2318 lumina
674 2263 775 2320 vestre
794 2260 893 2322 dolori

148 2361 271 2424 Vidistis
291 2362 449 2440 quemdam
468 2361 582 2439 Argiva
600 2361 718 2439 prodire
739 2362 849 2440 figura:

154 2547 156 2552 Ι
185 2467 311 2528 Vidistis
330 2471 462 2528 nostras:
481 2471 606 2542 utreque
626 2465 720 2527 forme
738 2466 825 2545 rnpit.

147 2571 186 2634 At
205 2573 232 2634 si
252 2573 351 2634 saeela
369 2571 464 2633 forent
483 2571 606 2647 entique
625 2570 673 2631 his
693 2574 779 2647 grets
798 2572 922 2653 puellis,

183 2679 288 2740 Essem
308 2695 363 2755 ego
383 2676 462 2753 quod
481 2693 558 2736 nune
578 2679 626 2738 tu:
647 2679 778 2754 tempore
798 2676 899 2738 vineor
920 2679 989 2755 ego!

145 2783 210 2844 Non
230 2788 329 2844 tamen
349 2781 408 2842 iste
427 2799 507 2842 meos
527 2780 682 2841 mutabunt
701 2780 820 2841 seeoule
840 2798 952 2844 mores:

184 2885 392 2962 Unusquisque
413 2901 468 2946 sna
487 2883 603 2944 noverit
622 2883 666 2942 ire
686 2883 745 2943 via.

146 2987 238 3051 Credo
258 3007 313 3066 ego
333 3007 392 3050 non
411 3006 520 3070 peuoos
540 2988 598 3048 ista
616 2987 741 3065 periisse
762 2986 870 3069 figure3

185 3091 279 3152 Credo
300 3108 355 3168 ego
375 3078 428 3151 sed
447 3090 555 3150 multos
574 3107 633 3150 non
652 3090 792 3151 habuisse
812 3089 909 3152 fidem.

147 3193 240 3256 Parvo
261 3194 367 3254 dilexit
386 3193 482 3271 spatio
502 3192 633 3253 Minoide
654 3193 806 3272 Theseus,

185 3297 316 3358 Phillide
335 3294 541 3374 Demophoon:
561 3294 668 3375 hospes
687 3299 810 3372 uterque
831 3299 934 3359 melus.

147 3401 309 3464 Contendet
328 3419 442 3462 meeum
462 3400 596 3481 ingenio,
617 3400 775 3462 contendet
795 3404 826 3461 et
844 3405 929 3482 erte,

184 3505 332 3584 Imprimis
352 3522 412 3565 una
431 3504 526 3565 discet
546 3520 645 3563 emere
665 3503 763 3564 domo.r

148 3609 178 3670 Si
198 3610 315 3672 libitum
335 3609 390 3671 tibi
410 3608 481 3687 erit,
502 3607 652 3668 Lernaeas
672 3611 784 3684 pugnet
804 3608 843 3669 ad
862 3608 988 3691 hydras,

184 3714 224 3774 nt
243 3713 300 3774 tibi
319 3712 358 3773 ab
378 3710 522 3788 Hesperio
542 3711 622 3771 mala
642 3711 767 3773 dracone
787 3709 876 3794 feret3

989 3819 1005 3868 2
