2624 4398
684 301 724 362 78

158 479 279 542 comparat
293 476 420 542 cynthiam
436 477 624 527 minervarum
637 475 753 542 spatiatim
768 476 798 525 od
812 490 864 525 aras
879 475 1012 535 Dulichias,
1028 477 1053 526 et
1067 491 1123 526 cnm
1133 473 1252 525 Mercurio

158 557 245 608 arrisit.
261 559 287 607 Si
305 557 423 609 Italorum
438 559 495 608 haec
511 562 547 608 est
563 558 704 617 emendatio,
720 557 820 608 dilucide
836 561 860 609 et
876 559 966 624 pacfice
980 559 1138 608 emendavero.
1158 559 1251 624 Repono

158 645 203 691 out
227 641 313 706 quotie.
335 669 370 678 -
391 642 422 691 In
447 641 520 691 Codd.
543 641 659 690 distichon
684 643 739 707 post
755 656 778 690 v.
803 641 834 690 19
857 643 881 689 et
901 641 934 690 20
955 641 1050 704 legitim.
1084 639 1251 704 ijectioaem

158 721 257 772 suadent
278 739 332 772 eum
352 721 476 772 verborum
498 723 641 772 constructio
664 725 688 772 ot
709 720 821 771 orationis
837 720 944 781 claritas,
963 724 1016 772 bam
1033 721 1208 781 convenientia,
1226 734 1251 768 ae

159 807 214 852 ante
229 803 294 854 Iovis
309 804 422 856 invictam
435 805 510 856 filiam
525 821 586 856 uxor
602 803 704 856 Pirithoi
721 807 830 870 ponatur.

192 901 234 952 21.
268 902 340 955 Codd.
356 903 396 953 hic
411 902 512 952 habent:

391 992 472 1042 Cedite
484 991 548 1055 jam,
566 991 653 1051 Dirae,
670 1007 728 1056 quas
744 994 826 1058 pastor
842 991 934 1044 viderat
951 991 1009 1043 olim

422 1075 499 1124 Idaeis
516 1074 607 1124 tunicas
623 1090 709 1140 ponere
725 1074 863 1124 verticibus.

390 1157 460 1206 Hanc
475 1157 566 1206 utinam
582 1157 665 1207 faciem
681 1156 741 1206 nolit
757 1159 848 1206 mutare
864 1159 984 1216 senectus,

423 1239 476 1289 Etsi
492 1239 590 1288 Cumaei
605 1238 696 1288 saecula
711 1239 772 1288 vatis
788 1241 851 1304 agat.

191 1328 277 1380 Statim
299 1329 325 1378 in
350 1328 426 1394 primo
450 1328 550 1377 disticho
574 1329 747 1394 interpolatoris
771 1344 867 1378 manum
892 1328 974 1378 cernis.
1001 1329 1140 1394 Propertius
1161 1329 1247 1379 Junoni

158 1415 182 1462 et
205 1413 327 1462 Minervae
352 1410 480 1476 cynthiam
504 1414 637 1476 comparat;
663 1410 748 1460 nebulo
774 1411 860 1461 elamat
885 1414 909 1461 et
934 1427 972 1460 eas
997 1413 1021 1460 et
1046 1413 1163 1462 Venerem
1180 1411 1246 1460 simul

157 1510 278 1562 superare,
295 1495 395 1558 adeoque
411 1492 525 1558 exquisite
540 1493 616 1542 addit:
635 1509 707 1558 quum
726 1493 790 1542 vises
803 1494 897 1542 luerunt
905 1508 996 1558 ponere
1013 1493 1117 1544 tunicas.
1144 1495 1244 1543 Ventoso

157 1581 193 1628 est
213 1579 270 1628 haec
290 1581 314 1627 et
330 1575 431 1626 enormis
447 1574 588 1639 loquacitas,
604 1577 632 1624 ut
649 1575 682 1623 ait
699 1575 835 1624 Petronius:
854 1574 1051 1625 absolutissimam
1068 1579 1146 1626 artem
1161 1575 1243 1625 Umbri

156 1661 238 1726 poetae
258 1658 358 1708 dedecet.
375 1657 462 1706 -Ad
483 1656 567 1706 alteros
588 1672 670 1706 versus
692 1657 755 1722 qnod
772 1661 874 1723 spectat,
891 1674 938 1707 non
954 1658 1082 1724 insipidum
1099 1662 1193 1708 tantum
1209 1657 1245 1707 sed

156 1756 353 1808 supervacaneum
367 1742 449 1789 votum
461 1738 595 1798 continent,
609 1739 719 1802 quoniam
727 1754 776 1788 ver.
785 1739 831 1799 43,
846 1739 881 1788 44
889 1739 940 1803 jam
949 1757 992 1790 nos
1006 1741 1117 1791 certiores
1129 1743 1243 1799 fecerant,

158 1825 285 1890 cynthiam
306 1840 354 1874 non
372 1838 461 1887 aermer
476 1820 597 1870 nobiscum
614 1821 719 1870 domama
736 1821 825 1871 cubilia
842 1821 956 1880 visuram,
981 1823 1091 1873 Romame
1114 1825 1246 1874 mmmmm

154 1906 234 1972 prima
251 1907 336 1972 puella
359 1903 424 1954 Ioci,
457 1903 513 1952 Heu
537 1903 557 1951 si
580 1902 668 1953 cineres
691 1905 715 1952 et
739 1905 822 1952 Manes
845 1919 918 1968 parva
940 1905 1076 1954 mortalium
1099 1923 1178 1956 rerum
1195 1921 1246 1955 euro

157 1990 273 2046 maneret,
296 1989 384 2051 quanta
400 2001 453 2034 cum
470 1984 629 2048 indignatione
646 2001 671 2033 se
686 1985 800 2050 inoptatis
816 1984 951 2035 muneribus
969 1990 1076 2036 oneratos
1094 1990 1243 2038 testarentur!

157 2069 203 2119 Sed
214 2070 313 2118 fortasse
321 2068 410 2118 modice
418 2083 509 2133 quoque
518 2066 545 2115 de
553 2066 653 2131 ingenua
662 2066 813 2116 admiratione
821 2072 845 2117 et
853 2067 1001 2118 obseruantia
1008 2073 1090 2119 nostra
1098 2070 1245 2122 subriderent.

190 2166 230 2216 22.
264 2165 368 2231 Angelus
385 2164 516 2215 Politianus
530 2162 635 2228 legebat:
654 2164 721 2213 Lilia
738 2180 780 2214 mea
797 2165 901 2216 domimo.

190 2263 231 2313 29.
266 2263 340 2314 Codd.
362 2267 476 2329 mantum
493 2262 564 2326 qaod.
591 2261 652 2310 eom
669 2261 819 2311 Lmhmnnno
836 2277 922 2328 repono
939 2264 1034 2328 quamdo
1051 2279 1112 2314 cam.
1138 2262 1243 2314 llamdem

156 2345 296 2413 particulam
311 2347 397 2412 repetit
414 2345 551 2412 Propertius
567 2359 591 2393 v.
611 2344 650 2392 31.

190 2443 231 2493 34.
264 2443 332 2492 Alter
348 2443 456 2510 spinosus
472 2442 545 2491 loeus.
570 2440 627 2491 Cod.
647 2442 723 2506 Neap.
742 2441 856 2492 Carmina
872 2459 933 2508 quae
948 2443 1024 2508 quiuis
1037 2448 1165 2510 computat
1173 2457 1243 2507 aequo

155 2524 214 2575 amis.
238 2524 327 2574 Exinde
349 2525 455 2590 Scaliger
475 2522 602 2590 exculpsit:
629 2524 785 2588 Carmimaqme
807 2524 931 2589 aequaevis
952 2540 1000 2575 mom
1017 2531 1091 2590 putat
1113 2541 1163 2578 esre
1184 2525 1242 2580 amisi

156 2606 218 2672 quod
243 2607 396 2672 signiticaret:
422 2621 469 2657 non
486 2605 605 2655 existimat
629 2621 656 2654 ea
681 2621 731 2654 esse
755 2605 870 2665 carmina,
886 2622 945 2670 quae
962 2607 1067 2672 aequales
1083 2624 1139 2658 suae
1154 2608 1241 2658 faciunt

156 2689 254 2740 Portam
277 2692 300 2739 et
316 2689 464 2738 invenustam
487 2688 645 2752 conjecturam
662 2688 746 2738 merito
763 2689 894 2752 rejecerunt
909 2689 954 2739 viri
970 2689 1041 2741 docti.
1073 2691 1161 2744 Contra
1177 2691 1241 2739 Grau.

157 2772 271 2822 Carmina
287 2788 348 2837 qaae
365 2773 445 2835 lyrner
460 2787 516 2821 mom.
545 2771 659 2820 Antonius
677 2770 777 2820 Volscus
795 2787 876 2820 verum
892 2787 976 2821 nomen
997 2773 1022 2821 in
1044 2776 1156 2840 corrupto
1171 2773 1241 2835 lyme

155 2855 230 2906 latens
252 2854 378 2905 divinavit:
403 2854 510 2912 Erimme,
533 2853 653 2919 Sapphoni
677 2853 785 2917 aequalis.
813 2854 898 2902 Postea
920 2853 985 2903 locus
1007 2854 1041 2903 ita
1057 2855 1174 2921 expolitus
1190 2852 1242 2902 fuit:
1282 2905 1286 2914 Ι

158 2937 317 3002 Carmimoque
341 2935 458 2986 Erimmm:
484 2936 572 2986 limane
598 2951 612 2984 a
637 2936 732 2984 Graecis
755 2925 871 3001 appellata
890 2936 937 2985 fuit
958 2936 1039 2986 rivalis
1062 2937 1168 2988 Homeri.
1194 2935 1242 2985 Ideo

157 3018 260 3083 Cynthia
283 3033 330 3067 non
353 3017 429 3068 solum
446 3017 533 3083 scripta
549 3033 592 3067 sua
608 3017 740 3066 conferebat
756 3033 808 3066 cum
826 3017 919 3083 scriptis
937 3018 1065 3078 Corinnae,
1083 3018 1242 3069 verumetiam

156 3099 312 3167 profitebatur
333 3101 436 3150 ammius
457 3099 557 3149 Erinnes
580 3114 628 3148 mom
649 3114 699 3148 esse
721 3115 797 3164 aequo
818 3098 875 3148 suia.
901 3099 944 3148 Nil
960 3100 1088 3150 admireris.
1114 3101 1242 3169 Propertius

156 3181 224 3248 parvi
244 3181 344 3231 faciebat
366 3181 509 3247 libenterque
530 3179 650 3230 deridebat
667 3181 793 3230 Homerica
810 3197 850 3230 sau
866 3181 981 3231 severiora
997 3186 1021 3232 et
1037 3183 1131 3233 heroica
1139 3183 1241 3232 carmina.

157 3262 289 3313 Caeterum.
314 3279 338 3312 v.
355 3261 453 3312 Anthol.
476 3263 558 3312 Graec.
575 3262 622 3312 Pit.
639 3263 753 3323 LXVII,
770 3263 853 3329 llpigr.
871 3264 903 3311 14
918 3263 944 3312 in
960 3262 1086 3314 llriunam:
1105 3263 1182 3313 Haud
1193 3264 1240 3327 pluo

156 3347 285 3394 tercmtmm
310 3361 371 3410 quoe
395 3343 500 3394 vacam
524 3349 612 3409 aequm
637 3345 840 3394 Homerum...
866 3344 893 3393 Si
913 3345 992 3409 ompo‘a,
1014 3346 1134 3396 Primnum
1155 3345 1241 3411 Sappm

156 3425 275 3476 teredine
289 3426 383 3486 oimeat,
400 3427 465 3476 Dum
481 3430 561 3476 tamen
577 3426 687 3476 Erinnae
702 3428 774 3478 cedet
789 3427 816 3477 iu
831 3427 966 3477 exametris.
997 3427 1042 3490 (lix
1057 3427 1241 3495 interpretatione

157 3492 192 3560 il.
208 3508 304 3571 Grotii.)
721 3523 733 3550 ⁰

189 3599 231 3650 35.
265 3601 338 3650 Gran.
354 3617 411 3651 aum
427 3599 485 3659 sitm
504 3602 579 3667 Neap.
596 3616 659 3659 mom;
677 3601 804 3651 Vossianus
820 3602 899 3651 Nune.
916 3599 1013 3650 Correxi
1029 3601 1099 3651 Nam.

190 3690 231 3741 36.
264 3691 337 3740 Gron.
359 3691 561 3749 Ardeae-Amor,¹
584 3691 657 3756 Neap.
683 3690 807 3748 Ardidms;
830 3689 962 3755 Hamburg.
986 3690 1083 3740 Aridus.
1118 3687 1238 3740 llertzber·
