2624 4398
578 347 635 406 123

173 519 213 582 lut
233 520 342 582 eeeinit
361 517 465 582 Ourios
484 519 592 581 fratres
612 522 643 582 et
663 517 788 580 Horatia
806 519 885 598 pile,

214 622 369 700 Regiaque
389 621 519 688 Aemilia
538 627 627 684 ventu
645 627 767 702 tropaea
785 627 868 702 rate,

175 722 380 804 Viutrieeeque
399 743 497 790 morae
516 724 619 805 Fabii,
639 743 828 804 pugnamque
849 724 1000 792 sinistrum

215 831 419 912 Cannensem,
438 833 470 893 et
489 846 591 892 versos
611 829 651 890 ad
669 829 721 907 pia
739 833 810 892 rota
828 829 914 910 dees,
1116 836 1155 895 10

175 937 435 1013 Hannibalemque
454 933 548 996 Lares
567 933 701 996 Rumana
719 931 791 996 sede
810 933 963 1016 fugantes,

215 1041 339 1104 Anseris
359 1043 390 1101 et
409 1041 505 1100 tutum
525 1055 597 1100 voee
617 1036 709 1122 fuisse
728 1039 850 1102 Jovem:

173 1145 248 1210 (ium
268 1162 315 1206 me
335 1140 468 1204 Oastalia
487 1141 643 1219 speculans
664 1157 702 1201 ex
721 1141 826 1203 arbore
845 1141 984 1204 Phoebus

216 1248 266 1309 Sie
285 1246 344 1325 ait,
365 1247 470 1308 aurata
489 1242 578 1305 nixus
598 1243 637 1304 ad
657 1247 743 1304 autre
762 1244 846 1322 lyra:

178 1351 285 1430 „Quid
304 1349 360 1414 tibi
380 1334 447 1410 euni
467 1347 538 1426 tali,
558 1346 697 1426 demens,
718 1352 765 1410 est
785 1346 931 1410 flumine?
952 1349 1019 1427 quis
1039 1353 1070 1414 te
1117 1353 1155 1414 15

218 1453 394 1532 „carminis
413 1451 495 1514 heroi
516 1455 638 1527 tangere
654 1450 746 1527 jussit
765 1450 864 1528 opus?

178 1559 273 1635 „Non
292 1556 342 1618 hie
362 1556 424 1616 ulla
444 1553 499 1616 tibi
519 1551 846 1631 sperandamque,
867 1552 1017 1631 Propertir

219 1707 234 1738 „
246 1659 349 1722 Mollia
369 1663 438 1720 eunt
457 1656 559 1736 parvis
579 1658 665 1734 prata
685 1655 808 1717 terenda
827 1655 916 1736 rutis,

183 1767 251 1842 „Ut
270 1769 339 1826 tuus
359 1764 391 1824 in
410 1779 529 1826 seamno
544 1762 675 1839 jactetur
694 1777 784 1838 saepe
804 1758 939 1839 libellus,

221 1914 235 1943 „
248 1867 343 1943 Quem
363 1867 444 1942 legat
464 1867 639 1942 exspeetans
659 1863 724 1937 sela
742 1861 844 1940 puelle
863 1861 969 1924 virum.
1116 1867 1156 1926 20

180 1971 267 2049 „Our
285 1975 339 2032 tua
357 1968 549 2050 praescriptis
570 1970 675 2027 eventa
695 1969 741 2026 eet
760 1965 871 2043 pagina
890 1966 997 2044 gyris?

221 2076 316 2151 „Non
336 2077 381 2136 est
400 2073 513 2150 ingenii
533 2071 638 2150 aymba
658 2069 811 2148 gravanda
829 2070 883 2131 tui.

93 2227 96 2233 .
181 2179 294 2258 „Alter
313 2195 410 2240 remus
431 2195 540 2257 aquas,
561 2177 637 2238 alter
657 2175 712 2237 tibi
732 2174 819 2235 redet
838 2191 959 2255 arenss3

220 2283 346 2360 „Tutus
366 2283 441 2344 eris:
463 2281 559 2343 medio
579 2280 709 2340 maxima
728 2279 815 2340 turba
835 2279 910 2340 mari
931 2283 985 2341 est.
997 2281 1015 2309 ”

179 2387 320 2468 Dixerat,
340 2391 370 2447 et
390 2385 502 2465 pleetro
522 2383 623 2445 sedem
644 2381 718 2442 mihi
738 2385 881 2443 monstrat
901 2381 1028 2463 ebum0‚
1117 2387 1157 2450 25

217 2490 284 2567 Qua
303 2508 380 2552 nova
399 2507 532 2550 muscoso
552 2487 660 2550 semita
678 2486 759 2550 faeta
778 2488 840 2550 eolo
861 2491 919 2550 est.

178 2596 236 2658 Hie
256 2599 320 2656 erat
339 2594 436 2656 affixis
455 2593 559 2654 viridis
579 2592 721 2670 spelunea
740 2591 866 2672 lapillis,

218 2699 448 2777 Pendebantque
468 2697 551 2760 nevis
571 2701 714 2775 tympana
733 2696 914 2775 pumicibus:

181 2801 274 2880 Orgia
292 2801 470 2879 Mysturum,
492 2802 523 2860 et
543 2797 636 2859 Sileni
656 2797 751 2875 patrie
771 2798 869 2876 image

220 2905 353 2986 Fictilis,
374 2909 404 2967 et
423 2903 546 2982 aelami,
567 2902 631 2962 Pan
652 2903 809 2984 Tegeaee,
829 2904 894 2983 tui,
1114 2907 1154 2966 30

181 3009 220 3072 ut
240 3007 365 3070 Veneris
385 3007 521 3069 dominae
541 3005 691 3084 volueres,
712 3023 778 3066 mea
797 3005 899 3086 turbs,
920 3005 1071 3069 columbae

220 3111 355 3194 'lingunt
373 3109 527 3188 Gorgoneo
546 3109 657 3188 punica
676 3111 771 3170 rostra
789 3108 872 3189 laeu3

181 3213 382 3292 Diversaeque
402 3228 508 3273 novem
529 3210 652 3272 sortitae
672 3227 741 3272 rura
760 3210 878 3289 puellae

220 3315 369 3378 Exereent
387 3318 505 3376 teneras
525 3313 557 3375 in
577 3331 632 3375 sus
651 3313 729 3374 dona
748 3329 860 3374 manus.

181 3419 264 3481 Haeu
283 3418 410 3481 hederas
429 3419 504 3496 legit
523 3419 555 3480 in
574 3418 710 3498 thyrsos,
729 3415 804 3479 haee
823 3419 956 3480 earmina
974 3418 1074 3482 nervis
1119 3420 1157 3480 35

221 3520 327 3602 Aptat,
347 3526 379 3584 at
398 3522 452 3584 illa
470 3539 560 3584 mann
580 3521 657 3582 texit
675 3525 801 3598 utraque
820 3537 927 3582 rosam.

182 3623 209 3686 Ε
229 3640 353 3703 quarum
373 3642 492 3687 numero
512 3641 560 3687 me
580 3623 705 3701 contigit
724 3641 784 3685 nna
803 3622 940 3686 dearum:

223 3725 279 3807 (Ut
298 3747 363 3791 reor
382 3748 401 3789 a
420 3728 511 3809 sarie,
533 3726 686 3805 Oalliopea
705 3726 784 3808 fuit)
