2640 4400
156 367 231 410 1¹11

154 523 281 586 tradem
301 525 414 588 lisdem
431 528 469 590 de
485 547 519 591 se
535 534 622 607 poeta
637 531 747 607 passim
757 534 890 592 testatur.
911 529 1049 592 Animum
1059 533 1098 592 ad
1107 534 1251 609 graviora

154 627 304 702 appellere
331 629 425 704 primo
451 629 572 692 liberior
598 632 673 710 vita,
695 631 801 692 deinde
822 633 1029 710 intempestiva
1047 653 1125 696 mors
1146 635 1250 712 prohi-

152 728 287 790 buerunt.
499 783 502 787 .
579 772 602 798 „

193 831 285 894 Liber
310 833 455 896 secundus
479 835 620 914 Cynthiae
640 841 790 918 truncatus
812 843 842 899 et
863 839 1026 917 discerptus
1047 842 1086 901 sd
1106 859 1159 902 nos
1179 861 1250 920 per-

153 936 250 1015 venit3
273 938 350 1012 elegi
371 939 490 1016 quidam
510 941 618 1017 integri
638 959 696 1002 nou
716 946 799 1020 suut,
822 943 998 1018 quibusdam
1018 943 1152 1004 distichis
1173 963 1248 1021 peu-

153 1043 277 1098 tameter
297 1040 422 1120 excidit3
444 1042 682 1119 interpolationes
704 1043 871 1120 frequentes
892 1044 1050 1106 offendunt.

169 1221 170 1224 Ἴ
193 1140 366 1218 Fulgentius
388 1141 600 1206 Grammaticus
619 1145 650 1204 in
667 1163 737 1206 voce
760 1145 884 1206 dividiae
908 1147 1000 1207 veluti
1021 1146 1248 1224 Propertianum

153 1244 238 1304 ariert
257 1263 375 1307 versum

384 1379 489 1430 Diuidias
506 1383 590 1432 mentis
607 1383 701 1432 coniicit
717 1385 791 1433 omnis
809 1399 882 1432 amor.

154 1511 266 1570 Rursus
287 1510 319 1570 in
338 1526 410 1569 voce
431 1509 580 1570 tutillam:
612 1509 752 1571 Oatillata
780 1511 857 1587 peris
888 1510 1070 1588 uadimonia,
1095 1510 1247 1588 poblicum

152 1612 354 1692 prostibulam.
383 1611 440 1672 Sed
461 1611 592 1673 obsoleta
618 1612 709 1673 verba
735 1613 809 1673 haee
835 1617 864 1673 et
888 1613 1060 1690 gibberosa,
1082 1631 1247 1689 versusque

155 1715 287 1791 superior
314 1713 440 1774 omnium
467 1731 609 1774 consensu
637 1711 704 1772 Sex.
733 1712 853 1774 Aurelio
873 1733 930 1774 nou
951 1719 1019 1775 sunt
1040 1715 1245 1778 adscribenda.

155 1815 275 1878 Servius
292 1817 331 1877 ad
348 1815 454 1892 Georg.
476 1815 506 1894 Ι,
530 1819 583 1893 19,
604 1820 700 1876 notat:
725 1814 810 1889 „Alii
830 1816 1045 1891 Triptolemum
1066 1817 1119 1876 alii
1137 1816 1248 1878 Osirim

155 1921 256 1981 volunt
271 1920 465 2001 (inventorem
482 1917 584 1998 aratri)
606 1919 684 1994 quod
705 1920 798 1994 magis
819 1937 920 1979 verum
942 1926 1001 1998 est,
1024 1924 1058 1980 ut
1078 1919 1150 1978 dicit
1170 1918 1244 1976 Pro-

152 2023 264 2102 pertius
291 2023 340 2083 vel
371 2021 531 2081 Tibullus.''
559 2021 774 2082 Oommentator
801 2022 943 2082 incertum
964 2041 996 2083 se
1017 2027 1173 2100 monstrat;
1193 2023 1247 2081 sed

156 2125 271 2186 dixerat
294 2125 350 2187 hoc
370 2126 507 2186 Tibullus
524 2125 591 2185 Lib.
612 2125 644 2202 1,
667 2127 701 2184 7:

387 2275 480 2325 Primus
497 2277 576 2325 aratra
592 2291 663 2325 mauu
679 2275 760 2326 solerti
775 2275 831 2325 iecit
848 2274 923 2324 Osiris

419 2357 452 2406 tlt
468 2360 571 2406 teneram
587 2357 648 2406 ferro
665 2356 800 2406 sollicitavit
815 2356 919 2405 humum.

28 2528 32 2534 ·
156 2491 238 2553 Idem
259 2491 378 2552 Servius
398 2490 436 2551 ad
456 2491 597 2567 Eclogam
618 2491 654 2570 V,
676 2491 719 2550 uti
740 2489 962 2566 Propertianum
984 2489 1118 2549 exhibet:
1151 2489 1246 2550 Testes

157 2600 223 2653 sant
251 2594 347 2653 sidem
372 2592 461 2652 cobis.
502 2592 643 2653 Memoria
668 2593 831 2668 paullulum
858 2592 1008 2652 literatum
1029 2593 1146 2673 fefellit,
1168 2598 1246 2673 quod

156 2715 214 2756 non
243 2714 309 2756 raro
340 2694 495 2772 contingit:
527 2695 694 2770 Propertius
722 2693 894 2771 scripserat:
926 2693 1030 2754 Sidera
1057 2703 1125 2756 sant
1152 2701 1246 2756 testes.

157 2796 362 2858 Lachmannus
383 2797 420 2856 de
442 2795 511 2855 Arte
532 2794 682 2855 Amatoria
702 2795 801 2855 nescio
818 2815 877 2872 qua
894 2797 1033 2857 ariolatus
1051 2802 1110 2875 cst,
1128 2799 1199 2874 quia
1216 2799 1248 2858 in

158 2896 263 2961 Ovidic
293 2899 400 2976 legitur
431 2897 533 2981 (Trist.
559 2899 604 2980 11,
629 2900 718 2979 461);
747 2901 876 2962 lassatos
902 2903 1001 2962 eudem
1031 2903 1137 2964 olonna
1161 2921 1247 2981 prae

159 3010 250 3079 cepto'
268 3001 413 3081 Properti,
442 3021 546 3080 nempe
568 3022 625 3083 qua
646 3011 753 3082 captae
771 3006 883 3083 possint
904 3005 1011 3085 follere
1029 3004 1063 3064 ob
1082 3011 1145 3063 crte
1161 3005 1247 3064 circs.

159 3104 300 3166 Omnibus
317 3110 430 3167 constat
450 3107 565 3166 exulem
582 3107 770 3169 Tomitanum
788 3110 819 3169 in
836 3109 968 3170 Secundo
989 3107 1127 3168 Tristiom
1146 3112 1248 3184 poetas

158 3209 310 3270 universos
337 3210 443 3270 amoris
462 3209 606 3270 lenocinio
627 3211 825 3289 adstringere,
847 3230 935 3288 quum
956 3229 1030 3272 unus
1051 3212 1114 3287 ipsc
1135 3213 1247 3287 peccati

158 3329 266 3390 poenas
287 3311 379 3372 daret.
420 3311 568 3391 Aeneida,
598 3314 708 3394 Iliada,
733 3313 912 3392 Odysseam,
937 3313 1081 3390 Tragicos
1108 3313 1250 3390 proscidit

159 3416 247 3491 inque
262 3414 407 3492 Judieium
427 3419 521 3478 vocat.
552 3417 627 3477 Prae
648 3418 772 3478 caeteris
790 3418 958 3495 Propertius
978 3417 1158 3478 accusandus
1169 3421 1249 3493 erat,

158 3516 267 3595 quippe
282 3518 334 3593 qui
350 3519 428 3580 omni
445 3522 574 3597 tempore
589 3521 713 3581 Veneris
725 3522 810 3596 signa
822 3538 892 3597 prae
903 3520 1006 3580 Martis
1016 3520 1120 3581 castris
1131 3522 1248 3579 secutus

159 3620 199 3680 sit
224 3619 384 3699 doceatque
412 3622 586 3700 quibusnam
611 3625 723 3685 artibus
750 3624 923 3684 feminarum
951 3622 1163 3700 repugnantiae
1190 3622 1249 3682 sint

160 3723 379 3800 expugnandae.
410 3727 458 3786 illi
479 3727 557 3788 enim
578 3726 710 3803 Oalliope
729 3726 847 3790 dixerut
867 3726 913 3788 ΕΙ.
936 3726 979 3804 II,
1002 3726 1067 3786 Lib.
1088 3724 1200 3786 Tertii:
