2624 4398
559 358 600 420 4⁷

152 525 205 604 ,0
226 527 339 590 utinam
359 528 484 608 trajecta
504 547 578 591 cava
597 547 664 592 mea
684 532 789 593 vocula
809 531 899 611 rima,

160 625 162 632 ’
193 632 379 706 „Percussas
400 633 537 694 dominae
557 637 653 695 vertat
671 634 703 694 in
724 635 887 697 auriculasl

154 732 227 808 „sit
246 735 317 795 licet
338 739 368 794 ct
387 752 460 796 saxo
480 737 639 813 patientior
658 738 712 798 illa
732 737 853 818 Sicano,

193 881 207 910 „
221 835 266 897 sit
286 837 357 898 licet
378 841 407 898 ct
428 837 502 899 ferro
524 839 624 900 durior
644 843 673 902 et
693 840 837 918 chalybe:

154 941 247 1015 „Non
267 945 368 1002 tamen
388 942 441 1002 illa
461 960 529 1004 suos
549 945 657 1021 poterit
677 961 861 1022 compescere
881 943 1006 1024 ocellos,

194 1044 329 1122 „Surget
350 1050 380 1106 et
400 1046 501 1107 invitis
523 1048 643 1124 spiritus
663 1049 695 1108 in
715 1049 853 1110 lacrimis.

153 1149 265 1223 „Nunc
281 1151 364 1229 jacet
384 1151 505 1212 alterius
525 1150 606 1212 felici
626 1153 696 1213 nixa
716 1153 842 1234 lacert03

193 1249 260 1327 „lt
280 1271 346 1314 mea
367 1257 506 1314 nocturno
526 1255 618 1315 verba
637 1255 746 1316 cadunt
765 1254 911 1333 Zephyro.

153 1354 240 1430 „Sed
259 1360 292 1418 tu
312 1358 376 1418 sola
395 1359 471 1436 mei,
492 1362 525 1418 tu
545 1359 676 1420 maxima
695 1377 786 1421 causa
805 1359 929 1439 doloris,

192 1460 307 1533 „Victa
327 1461 401 1520 meis
421 1479 586 1540 nunquam,
603 1463 714 1542 janua,
734 1463 923 1523 muneribus!

153 1563 225 1637 ,Το
245 1583 305 1624 000
323 1565 386 1625 ulla
405 1583 490 1626 meae
510 1566 598 1626 laesit
617 1567 783 1644 petulantia
802 1566 938 1646 linguae,

192 1665 304 1741 „Quae
324 1669 399 1728 solet
419 1669 494 1730 irato
515 1668 612 1730 dicere
632 1669 719 1729 tmba
735 1670 817 1748 joco,

151 1771 219 1845 „Ut
239 1790 287 1832 me
307 1775 368 1832 tam
389 1772 478 1848 longa
497 1789 618 1833 raucum
637 1771 751 1849 patiare
772 1771 894 1848 querela

191 1876 366 1950 „Sollicitas
387 1877 474 1937 trivio
493 1877 672 1955 pervigilare
691 1894 797 1938 moras.

153 1979 220 2054 „At
240 1981 296 2040 tibi
317 1998 406 2057 saepe
426 1999 502 2042 novo
523 1981 632 2041 deduxi
653 1983 784 2043 carmina
804 1998 910 2062 versu,

193 2081 389 2159 „Osculaque
409 2083 560 2160 impressis
580 2084 652 2144 nixa
672 2084 741 2144 dedi
762 2084 912 2161 gradibus.

153 2185 257 2260 „Ante
277 2189 344 2245 tuas
365 2187 479 2262 quoties
499 2187 576 2247 verti
596 2206 659 2267 me,
680 2187 807 2268 perfida,
828 2191 945 2268 postes,

192 2288 387 2364 „Debitaque
408 2289 529 2350 occultis
550 2293 619 2350 vota
639 2291 695 2351 tuli
715 2291 894 2352 manibusi'’

148 2389 232 2450 Haec
251 2389 319 2470 ille,
342 2393 371 2450 et
392 2389 417 2449 si
438 2408 515 2466 quae
534 2391 635 2452 miseri
654 2391 778 2452 novistis
800 2383 949 2471 amantes,

188 2494 229 2554 Et
249 2494 401 2554 matutinis
422 2494 564 2573 obstrepit
584 2495 714 2555 alitibus.

148 2593 198 2658 Sic
219 2615 274 2673 ego
294 2615 372 2659 nunc
391 2599 527 2660 dominae
547 2580 648 2678 vitiis,
670 2603 700 2660 et
719 2616 836 2678 semper
856 2598 983 2662 amantis

187 2698 323 2760 Fletibus
344 2704 463 2762 aeterna
484 2700 600 2763 differor
620 2701 753 2762 invidia!

69 2821 89 2872 8.
122 2825 193 2874 Oocld.
210 2825 327 2884 ecclesia·
344 2825 438 2892 Lipsius
454 2826 555 2877 correxit
571 2827 669 2878 eaelum.

68 2911 89 2959 s.
120 2914 192 2965 cosa
209 2915 317 2982 sesama.
657 2945 661 2952 -

68 3001 109 3061 11,
125 3004 165 3054 12.
201 3006 301 3073 Vulpius
315 3005 612 3058 animadvertitrccocatar
628 3022 746 3057 accessum
760 3005 829 3057 simul
837 3009 862 3056 et
868 3006 970 3057 reditum
978 3006 1119 3073 significares

41 3079 114 3134 senius
134 3103 182 3136 non
204 3089 357 3139 revocabatur
379 3089 415 3137 ad
433 3090 578 3154 parcendam
599 3091 673 3138 famas
694 3105 748 3138 suae
764 3105 837 3154 neque
853 3106 870 3138 a
886 3090 983 3140 aicardo
1000 3089 1121 3155 flagitiose.

42 3161 198 3234 Hertzbergius
215 3173 297 3220 contra
313 3187 409 3235 zeugma
425 3171 558 3230 denuntiat,
576 3171 737 3236 contenditque
753 3171 778 3220 in
795 3173 913 3238 superiore
929 3188 996 3222 versu
1014 3172 1121 3223 revocari

43 3243 159 3308 fligflificare
168 3253 266 3317 juberi,
283 3251 308 3301 in
324 3253 414 3302 minore
429 3253 491 3310 aini‚·
509 3252 631 3318 proditque
655 3253 757 3302 Terentii
773 3253 851 3303 locum
876 3253 932 3316 (Aa.
952 3254 1008 3313 ΙΙΙ,
1026 3253 1055 3313 5,
1074 3254 1119 3304 18:

43 3326 136 3397 Namque
157 3340 245 3399 tempus
256 3351 401 3399 praecavere
416 3334 477 3384 mihi
493 3351 541 3393 me,
559 3335 628 3384 haud
642 3340 666 3384 ie
681 3336 766 3385 abaci
781 3336 861 3396 01κὲ1),
879 3353 947 3402 quem
964 3337 998 3386 sio
1013 3336 1119 3403 exponit:

43 3408 79 3460 boo
97 3419 185 3482 tempus
199 3416 267 3480 jubet
290 3433 328 3466 me
349 3417 409 3466 mihi
431 3431 580 3483 praecavere,
607 3416 669 3465 haud
694 3417 750 3467 sinit
767 3434 804 3467 me
826 3418 914 3469 ulcisci.
948 3419 1028 3468 Liceat
1044 3422 1122 3468 tamen

45 3493 139 3548 adnotare
162 3500 189 3548 in
214 3499 256 3548 illo
283 3499 387 3565 exemplo
410 3499 478 3548 nobis
503 3513 550 3547 nou
574 3514 621 3546 esse
645 3499 673 3547 ad
697 3500 795 3550 verbum
814 3501 902 3566 jubare
931 3501 1121 3566 confugiendum,

45 3589 87 3626 rum
101 3581 129 3630 sit
145 3582 265 3632 commode
282 3581 406 3631 verborum
423 3581 576 3631 constructio:
594 3581 639 3630 hoc
656 3585 748 3648 tempus
766 3583 821 3632 sinit
838 3600 875 3633 me
891 3582 950 3632 mihi
970 3597 1119 3650 praecurem

45 3670 81 3708 uou
95 3662 146 3714 sinit
161 3681 199 3716 me
215 3665 304 3716 ulcisci.
329 3665 448 3714 Particula
465 3664 572 3730 negativa
586 3663 613 3713 in
629 3679 655 3714 ea
670 3667 763 3716 tantum
779 3665 891 3716 orationis
907 3669 975 3732 parte
990 3664 1039 3716 vim
1053 3679 1118 3714 suam

36 3743 140 3818 ‚tutat
156 3747 181 3798 in
199 3763 245 3813 que
260 3747 364 3814 ponitur.
389 3749 425 3798 De
441 3761 487 3812 quo
504 3750 582 3798 autem
599 3748 726 3814 zeugmatis
742 3763 824 3814 genere
839 3748 865 3800 in
880 3763 949 3800 vmsu
966 3745 1119 3813 Propertieuo
