2624 4398
712 349 753 408 64Ἰ

217 518 259 571 24.
292 517 352 570 Post
366 519 429 569 hunc
446 518 541 568 Codices
558 519 627 570 dant=

433 609 535 660 Theseus
551 609 660 670 infernis,
678 610 769 676 superis
785 613 885 662 testatur
901 612 1018 674 Achilles,

465 693 513 742 Hic
530 693 664 753 Ixioniden,
681 693 720 743 ille
738 695 906 745 Menoetiaden.
1295 721 1296 814 p

184 780 309 832 Distiehon
325 799 372 833 non
389 785 502 850 quadrare
519 801 572 833 cum
588 783 776 850 praecedentibus
793 799 872 834 omues
890 786 1000 834 sentiunt.
1026 785 1052 834 si
1067 785 1270 835 enmLacbmauno

183 864 242 929 legis
256 882 297 916 ceu
305 867 380 932 satur
390 883 433 933 pro
447 871 560 926 testatur,
578 866 693 916 sententia
708 883 756 916 non
772 866 919 925 reclamabit;
937 867 977 917 scd
993 866 1106 916 Jacobius
1121 867 1176 931 jure
1189 867 1271 916 dubitat

185 947 283 1012 ausari
307 965 360 999 enm
379 950 511 1000 accusativo
527 964 639 1014 personae
655 951 716 998 recte
732 952 840 1015 ponatur.
873 950 928 1016 Ipsa
943 949 990 1000 levi
1006 949 1093 1004 vocalis
1110 951 1272 1002 mutationem

185 1031 303 1096 superiore
318 1048 388 1083 versu
405 1037 442 1095 (ut
457 1048 501 1098 pro
517 1036 549 1093 et)
566 1031 714 1083 emendabat:

454 1121 498 1180 Ue,
515 1125 608 1187 sumpla
623 1125 648 1170 et
662 1120 743 1186 posita
758 1136 818 1186 pace
828 1121 905 1187 fidele
921 1126 1004 1186 caput,

421 1203 521 1253 Theseus
537 1203 654 1268 inseruit,
670 1204 761 1269 ruperia
777 1209 880 1254 testatur
895 1205 1011 1254 Achilla.

186 1291 352 1341 Verumtamen
368 1292 474 1357 infernos
490 1309 533 1359 pro
550 1293 643 1360 inseror
659 1309 673 1342 a
690 1293 830 1342 Christianis
852 1293 976 1357 Theologis
998 1291 1146 1342 substantive
1158 1293 1271 1358 usurpari,

185 1386 232 1421 nou
248 1389 262 1422 a
278 1374 353 1439 poetis
369 1373 454 1423 saeculi
470 1375 585 1440 Augusti,
598 1375 649 1439 jam
665 1378 788 1426 monuerat
805 1373 966 1425 Forcellinins.
997 1373 1121 1422 Distichon
1139 1372 1169 1423 ab
1186 1375 1272 1425 inducto

185 1455 280 1505 homine
296 1456 458 1506 concinnatum
473 1457 527 1507 fuit.

218 1586 259 1635 29.
292 1549 366 1636 Gran.
392 1589 416 1635 et
441 1589 516 1653 Neap.
534 1577 687 1638 laua'altera
709 1588 731 1638 si
754 1590 828 1637 datur
844 1603 899 1637 uno.
932 1586 1103 1646 Menteliauus,
1126 1588 1272 1648 Drasdeusis,

185 1667 338 1728 Heinsiauus,
356 1667 517 1729 colbertinus,
534 1671 569 1720 ed.
587 1671 720 1735 Rhagiane,
734 1670 833 1720 Paccius
843 1673 865 1718 ct
874 1669 994 1732 Perrejus:
1014 1672 1068 1718 laus
1081 1669 1105 1718 ei
1118 1670 1194 1720 datur
1202 1673 1273 1720 alters
1299 1685 1300 1694 ¹

185 1751 250 1809 viva·
267 1767 338 1816 quam
350 1752 473 1802 lectionem
486 1753 672 1819 veriorem-puto
686 1753 714 1803 ob
730 1753 870 1802 senteutiam
887 1751 1077 1816 subsequentem:
1088 1752 1170 1819 fruar
1187 1769 1201 1804 o
1217 1755 1274 1804 solor

185 1849 265 1884 amore
280 1849 337 1884 eaeo.

218 1963 259 2013 30.
293 1961 401 2012 Alterum
417 1966 471 2028 post
486 1963 511 2012 h.
528 1978 552 2012 v.
568 1961 640 2012 habes
657 1962 682 2011 in
700 1962 773 2012 Codd.
792 1927 910 2013 distichon
927 1964 1120 2030 suppositieinm:

434 2052 459 2100 Si
475 2052 582 2111 memini,
601 2051 661 2100 solat
676 2051 718 2101 illa
733 2051 794 2101 leves
812 2052 905 2118 culpare
921 2053 1027 2118 puellas,

467 2135 499 2184 nt
515 2137 590 2184 totam
606 2123 634 2183 ei
651 2134 743 2184 Helena
758 2150 805 2182 non
820 2135 905 2200 probat
922 2135 1003 2186 Iliada.

187 2224 343 2276 (inanissimae
359 2211 443 2291 alapiae
457 2227 588 2290 repugnant
604 2239 698 2283 versus,
708 2224 728 2273 si
737 2224 835 2272 ironiam
850 2227 872 2273 et
881 2223 985 2273 aculeum
994 2225 1127 2283 eontinent3
1144 2227 1181 2276 ein
1191 2227 1273 2286 minus,

187 2313 242 2375 post
255 2309 386 2368 Parthum,
401 2310 537 2358 Praetorem
553 2311 577 2356 et
593 2310 695 2356 caeteros
711 2306 762 2370 quis
778 2306 971 2370 ingenuissimnm
987 2309 1139 2374 Propertium
1147 2309 1276 2360 humaniter

187 2394 263 2442 feret?
279 2391 345 2440 Adde
360 2391 536 2440 immoderatam
552 2388 706 2455 hyperbolen:
723 2387 753 2437 ob
771 2388 887 2438 Helenam
895 2388 974 2454 cudpat
982 2391 1058 2440 totam
1066 2391 1179 2443 Iliadem!
1197 2395 1275 2458 Nugae

187 2477 255 2533 sunt,
271 2489 318 2522 non
334 2473 431 2539 lepores.

221 2585 262 2635 34.
296 2585 368 2634 Codd.
388 2584 482 2635 Colchis
500 2582 647 2640 Colchiacia5
664 2581 768 2647 Scaliger
784 2581 914 2632 emendarit
929 2581 1052 2634 romara.

221 2699 261 2749 38.
296 2699 369 2749 Codd.
384 2713 432 2748 non
449 2704 515 2749 amat
530 2699 641 2760 artifices.
659 2696 796 2746 Rectissime
813 2695 955 2745 Schraderns
972 2696 1118 2761 corrigebat:
1138 2713 1187 2748 noa
1205 2697 1278 2747 habet.

188 2783 256 2832 Teste
271 2783 316 2832 hac
331 2782 404 2847 elegia
420 2785 444 2832 et
460 2782 541 2832 Prima
555 2781 620 2830 Libri
628 2780 715 2840 Primi,
731 2783 845 2828 amatores
860 2782 975 2845 quaerunt
988 2778 1074 2829 amoris
1083 2779 1236 2839 medicinam,
1245 2779 1278 2828 aed

187 2880 236 2915 uon
251 2864 380 2915 inveniunt.

221 2981 263 3031 46.
301 2981 418 3030 Tantalea
439 2980 510 3030 Codd.
532 2977 659 3028 Beroaldus
680 2977 784 3044 reposuit
811 2977 953 3034 Tantaleae,
977 2977 1005 3024 nt
1030 2991 1103 3024 manu
1128 2974 1162 3024 sit
1184 2974 1278 3023 dativus.

189 3063 234 3112 Sed
249 3063 387 3128 Propertius
403 3078 450 3111 uon
465 3061 576 3126 intelligit
593 3061 620 3110 de
636 3060 712 3126 pomis
729 3059 827 3108 Tantalo
843 3058 972 3117 tradendis,
991 3057 1030 3107 sed
1046 3057 1075 3106 de
1090 3058 1200 3116 homine,
1216 3071 1277 3121 qnam

189 3144 281 3194 Tantali
302 3146 351 3194 fata
372 3147 516 3210 premerent,
538 3159 608 3209 poma
630 3145 738 3208 carpente
759 3144 783 3190 et
799 3140 880 3190 deinde
898 3140 1011 3190 tradmte.
1045 3140 1094 3189 Hic
1110 3140 1189 3198 idem,
1206 3138 1276 3202 iuquit

190 3228 291 3286 Noster,
318 3226 384 3277 dolia
408 3225 521 3292 cirpineis
542 3224 665 3289 repleverit
686 3224 769 3283 urata,
791 3223 829 3272 bie
849 3222 911 3271 idem
934 3222 1052 3272 Caucasia
1074 3225 1149 3272 solvet
1172 3222 1202 3270 dc
1224 3233 1276 3280 rupe

190 3307 331 3359 Promethei
353 3309 461 3359 brachia.
494 3307 593 3357 Latinus
609 3305 715 3355 Latinius
732 3309 754 3354 ct
771 3305 919 3354 Burmannus
936 3319 979 3370 pro
996 3303 1093 3353 tradere
1108 3301 1277 3370 proposuerunt

190 3406 293 3457 carpere.
311 3391 366 3442 Hoc
383 3389 518 3448 dilucidius,
536 3387 595 3438 illud
611 3387 686 3452 magis
703 3387 893 3452 Propertianum.

224 3500 265 3550 53.
291 3503 363 3550 Gron.
379 3516 436 3565 para
444 3499 575 3556 insidiosam
593 3499 668 3562 Neap.
682 3511 734 3560 apes
742 3495 875 3552 e'am'dioaa,¹
888 3494 922 3543 ita
930 3493 1000 3543 ctiam
1009 3495 1060 3544 edd.
1070 3494 1145 3558 Rheg.
1154 3488 1273 3542 etdldina.

191 3583 214 3631 Ο
231 3585 366 3641 Maecenas,
384 3585 502 3648 optatum,
519 3583 640 3644 rogatum,
658 3577 774 3627 ambitum
792 3575 884 3640 (Italico
899 3576 1051 3634 insidiabite,
1069 3576 1193 3634 insidiato)
1209 3585 1272 3636 pree·

190 3665 274 3717 sidium
287 3664 419 3729 juventutis
435 3677 556 3719 romanae;
574 3659 682 3710 videlicet
698 3675 778 3710 eorum
795 3658 946 3724 praesertim,
963 3658 988 3707 ni
996 3657 1078 3718 fallor,
1094 3658 1193 3724 quicum
1201 3651 1271 3704 Musis

190 3746 284 3813 aliquod
300 3744 417 3796 habebant
433 3743 604 3796 commercium.
