2640 4400
1104 377 1138 420 nl

54 533 79 588 et
98 529 223 588 Drusum
243 527 330 588 bellis
348 527 379 587 in
397 525 542 606 Rhoetus,
561 526 730 588 Vindelicos
746 532 775 588 et
786 527 948 592 Germanos
963 507 1140 595 clarissimos

52 637 111 708 post
130 651 177 692 au.
199 630 415 692 DOOXXXIX.
445 631 582 708 Denique
602 630 657 692 hoc
679 633 710 692 in
730 635 793 694 loco
814 639 902 711 poeta
922 654 980 697 nou
1001 635 1138 698 Ovidium

52 737 175 796 imitatus
195 739 255 812 est,
283 735 337 795 sed
358 735 502 812 Propertii
523 734 649 811 elegiam
670 735 785 794 XXVII
807 737 873 797 Lib.
894 735 958 800 Sec
979 757 1007 799 v.
1029 741 1136 802 3-10.

87 835 298 898 Heimreichius
326 838 457 899 carmina
483 836 587 910 Quarti
612 836 695 897 Libri
722 855 786 898 esse
815 840 972 918 composita
999 861 1032 902 ca
1059 850 1137 923 arte,

52 961 118 1022 quiec
137 941 274 1002 abhorret
294 941 330 1002 nb
351 957 440 1002 aaran
461 940 554 1018 poesis
575 940 723 1000 Romanae
739 942 953 1022 aelateinquit3
973 945 1136 1006 sententiae

52 1065 116 1108 snae
134 1047 277 1106 rationem
297 1049 468 1106 tamennon
486 1044 578 1104 addit.
604 1042 741 1104 Carmina
756 1063 821 1104 enm
835 1043 958 1107 historia
968 1046 1136 1128 conferens,

52 1149 170 1226 Augusti
190 1166 265 1209 aevo
285 1147 416 1209 confecta
436 1166 494 1208 non
514 1146 630 1226 dnbit03
653 1147 678 1207 si
700 1147 799 1208 stilum
815 1153 845 1208 et
861 1150 1052 1212 elocutionem
1070 1168 1137 1211 con-

53 1254 154 1332 sidero,
176 1270 353 1329 quamquam
377 1271 435 1313 nou
463 1252 560 1312 omnia
588 1252 676 1311 laudo
698 1255 727 1310 et
748 1269 806 1311 non
826 1270 920 1327 pauca
940 1252 1137 1331 reprehendo,

53 1354 120 1413 nihil
129 1359 228 1414 tamen
238 1355 355 1415 invenio
367 1355 444 1430 quod
455 1354 629 1416 deteriorem
652 1359 778 1414 aetatem
800 1354 943 1433 ostendat,
964 1359 1052 1430 atque
1071 1359 1138 1432 post

55 1456 186 1517 Senecam
208 1462 238 1517 et
258 1457 409 1518 Lucanum
429 1457 593 1534 perscripta
612 1473 671 1515 non
691 1453 781 1516 fuisse
802 1475 855 1532 pro
876 1459 955 1516 certo
975 1455 1085 1535 habe03
1107 1457 1139 1516 in

54 1561 86 1620 iis
104 1579 160 1621 non
180 1560 313 1640 inflatum
334 1558 452 1620 dicendi
473 1575 580 1636 genus,
604 1576 662 1618 non
682 1557 804 1618 incitata
822 1559 1030 1620 sententiarum
1047 1558 1138 1618 abun·

55 1661 160 1742 dantia,
181 1681 240 1722 nou
260 1661 373 1721 tumida
394 1661 557 1737 imaginum
576 1660 737 1737 granditas.

88 1763 134 1824 Ad
158 1783 275 1826 versum
304 1763 417 1842 Gaude,
442 1762 556 1842 Crasse,
578 1763 679 1841 nigras
700 1763 726 1824 ai
746 1764 814 1843 quid
835 1765 913 1842 sapis
935 1765 1136 1826 intersecans

54 1866 262 1928 lleimreichins
282 1871 378 1927 notat:
423 1865 552 1942 „Omnes
579 1884 686 1927 aureae
714 1867 819 1927 aetatis
841 1872 945 1943 poetae
967 1869 998 1928 iu
1018 1868 1134 1930 casibus

54 1969 171 2047 obliquis
188 1973 307 2047 longam
326 1989 391 2031 esse
407 1971 563 2031 voluerunt
573 1971 697 2048 primam
720 1969 813 2050 (leget
836 1971 973 2052 priorem)
990 1972 1135 2048 syllabam

54 2074 129 2132 uerbi
153 2074 251 2152 erigam
286 2074 426 2150 corripuit
448 2072 503 2134 hoe
532 2092 590 2134 uno
614 2075 678 2135 loco
700 2073 1013 2150 Pseudopropertius.’'
1054 2075 1136 2134 Haec

55 2177 175 2236 scribens
197 2177 298 2237 doctus
324 2177 370 2235 vir
395 2175 622 2236 obliviscebatur
641 2173 780 2235 Ouidiani
800 2193 918 2236 versus:
952 2174 991 2235 Et
1015 2175 1136 2254 pulsata

55 2278 123 2354 nigri
143 2279 224 2356 regin
245 2297 330 2339 cacan
352 2277 414 2338 ilci.
436 2275 518 2358 (Her.
540 2277 589 2356 ΙΙ,
609 2295 638 2337 v.
660 2279 721 2352 72.)
