2642 4396
351 693 834 778 assanensis.

140 917 315 979 ELEGIA
342 917 465 992 QUAE
493 914 757 977 PROPERTIO
784 917 1053 982 TRIBUI'PUR.

482 1205 698 1214 m*—

301 1516 492 1579 (eclanum.
519 1516 548 1574 1,
576 1515 630 1573 1v;
657 1516 753 1565 nossem.
781 1517 810 1576 1,
837 1519 878 1579 V.)

77 1651 152 1702 Codd.
167 1650 330 1716 conglutinant
342 1652 403 1701 hanc
417 1667 470 1700 cum
483 1653 613 1716 fragmento
628 1653 741 1718 poematis
756 1654 869 1713 Dierum
885 1668 922 1704 or
933 1667 1005 1705 uene
1015 1670 1103 1716 nous,

111 1735 177 1800 eique
199 1735 330 1800 praefigunt
351 1733 396 1783 diso
413 1733 524 1792 disticha,
542 1732 670 1798 dequibus
687 1735 745 1783 satis
761 1734 786 1783 in
803 1735 962 1800 disquisitione
978 1739 1104 1805 praemissa

111 1817 242 1885 disputavi:

246 1899 299 1964 Quo
315 1896 364 1948 ruis
380 1896 525 1963 imprudens,
542 1912 612 1962 vage,
630 1896 705 1947 dicere
721 1899 796 1958 facta,
814 1899 941 1965 Properti?

276 1982 331 2030 Non
349 1984 404 2030 sunt
420 1996 434 2028 a
450 1979 531 2029 dextra
548 1980 640 2029 conditu
656 1979 696 2028 filu
713 1980 772 2029 colo.

242 2063 337 2114 Aversis
354 2062 458 2111 lacrimis
475 2065 568 2112 cantus:
587 2077 682 2111 aversus
699 2062 797 2128 Apolloc

276 2144 356 2195 Poscis
374 2143 403 2194 ab
420 2144 494 2194 invita
510 2144 581 2194 verba
597 2145 697 2210 pigenda
713 2145 772 2211 lyra.

110 2230 158 2279 Pro
167 2228 243 2294 saeta
256 2226 400 2290 Groninguni
416 2228 493 2293 Neap.
502 2227 578 2293 sata,
594 2227 703 2290 Perrejus
716 2227 938 2288 etPucciusaacra‚
948 2229 1104 2279 Mentclianus

110 2311 190 2360 cerba
217 2311 265 2358 Pro
288 2309 377 2358 caereis
400 2308 506 2358 laerim'c
528 2314 625 2367 camus,
650 2310 725 2374 Neop,
749 2310 851 2359 accersis
873 2311 986 2361 lammae
1007 2319 1104 2372 caetae,

111 2392 223 2442 Heinsius
237 2391 341 2456 reposuit
355 2389 445 2440 acarde
458 2390 566 2440 charisio
579 2395 671 2440 caetae
680 2419 714 2428 -
725 2390 828 2455 Elegiam
839 2392 924 2444 Sabino
932 2394 1105 2444 adsciibsndem

112 2491 161 2524 csse
177 2473 288 2537 conjicio,
306 2473 451 2537 argumentis
469 2476 547 2522 motus
564 2473 590 2522 iu
607 2472 768 2522 dissertatione
784 2473 891 2538 prolatis.

164 2617 213 2677 Me
233 2618 314 2675 creat
333 2613 484 2689 Archytae
505 2612 621 2673 soboles
642 2611 832 2702 Babyloniusx
844 2613 979 2692 Horops,

207 2719 322 2796 Horon,
345 2721 374 2778 et
395 2735 413 2776 a
432 2734 542 2794 proavo
562 2712 651 2776 ducta
672 2714 789 2776 Oenone
810 2716 921 2777 domus.

167 2821 207 2881 Di
227 2820 300 2880 mihi
320 2823 389 2880 sunt
408 2824 500 2880 testes
521 2837 578 2878 non
599 2819 795 2894 degenerasse
816 2819 1009 2898 propinquos,

163 2899 167 2908 ,
207 2925 300 3000 Inque
322 2924 395 2983 meis
416 2922 500 2982 libris
520 2923 564 2981 nil
584 2921 666 2998 prius
687 2937 752 2980 esse
773 2919 840 2980 fide.

167 3027 256 3089 Certa
275 3027 367 3087 feram
389 3027 476 3087 certis
497 3025 681 3085 auctoribus:
703 3023 783 3083 hand
803 3042 858 3100 ego
878 3027 962 3085 vates
1122 3027 1140 3086 5

207 3130 334 3190 Nescius
354 3133 456 3188 aerata
476 3128 561 3204 signa
581 3143 699 3187 movere
720 3127 790 3202 pila.

168 3233 255 3293 Nunc
275 3232 401 3308 pretium
421 3230 517 3290 fecere
538 3229 609 3288 deos
631 3227 673 3308 (et
693 3226 806 3287 fallitur
826 3245 897 3288 auro

208 3335 356 3416 anpiter)
377 3335 514 3409 obliquae
535 3333 621 3408 signa
640 3332 748 3390 iterata
767 3335 858 3391 rotae.

169 3443 241 3504 Dixi
263 3459 317 3518 ego
338 3458 428 3516 quum
448 3438 579 3515 geminos
600 3435 774 3513 produceret
794 3433 882 3494 Arria
902 3439 987 3494 natos

211 3545 282 3627 (illa
302 3545 392 3605 dabat
411 3542 490 3602 natis
509 3559 594 3608 arma
614 3542 733 3600 vetante
754 3537 838 3618 deo),
1105 3541 1145 3598 10

170 3652 238 3712 Non
258 3665 345 3726 posse
365 3647 403 3706 ad
423 3645 534 3722 patrios
554 3660 609 3704 sua
627 3641 691 3720 pila
711 3639 820 3700 rescire
840 3643 980 3717 penates:

212 3753 326 3826 Nempe
346 3765 442 3837 neam
462 3745 579 3805 firmant
598 3761 675 3803 nunc
696 3742 753 3802 duo
774 3742 861 3801 busta
881 3741 977 3801 iidem.
