2642 4396
542 343 601 404 145

142 513 199 575 Sat
218 532 300 596 mea,
321 519 368 576 sat
388 533 495 594 magna
515 520 580 596 est,
601 517 628 579 si
647 521 709 580 tres
729 518 790 580 sint
809 537 916 600 pompa
936 522 1048 608 libelli,

185 617 265 693 Quos
286 637 341 697 ego
361 619 566 700 Persephonae
587 622 717 684 maxima
736 623 814 684 done
833 623 936 688 ieram.
1079 632 1121 692 10

143 723 194 783 'Pu
213 742 284 786 vero
303 723 414 786 nudum
434 729 537 804 peetus
558 727 689 788 lacerata
708 727 859 810 sequaris,

183 827 248 889 Nec
267 827 359 890 fueris
378 847 485 892 nomen
505 829 586 892 lassa
604 848 711 892 vocare
732 849 849 913 meum;

142 928 313 1009 Osculaque
333 932 365 992 in
385 932 493 1010 gelidis
513 951 606 1010 ponas
626 950 763 1012 suprema
782 933 914 1016 labellis,

184 1033 259 1096 Cum
278 1036 397 1097 dabitur
417 1035 504 1113 Syrio
524 1053 645 1098 munere
665 1037 771 1114 plenus
792 1055 881 1116 onyx.

141 1139 276 1218 Deinde,
297 1139 349 1201 uhi
369 1140 537 1218 suppositus
558 1139 686 1201 cinerem
707 1157 754 1201 me
774 1138 879 1202 fecerit
899 1141 1003 1222 ardor,
1081 1146 1119 1207 15

183 1240 319 1320 Accipiat
339 1259 440 1304 manes
460 1241 585 1319 parvula
606 1244 684 1302 testa
704 1259 802 1323 meos;

108 1359 110 1363 ·
143 1344 184 1405 Iit
204 1345 294 1406 sitin
315 1344 423 1422 exiguo
442 1344 543 1405 laurus
563 1361 653 1421 super
673 1343 776 1405 addita
796 1345 900 1428 husto,

186 1446 268 1522 Quae
289 1451 371 1524 tegat
391 1447 513 1508 extincti
533 1446 645 1508 funeris
666 1447 771 1508 umbra
791 1449 903 1531 locum;

143 1549 185 1611 nt
204 1550 263 1611 duo
283 1549 343 1610 sint
362 1567 483 1611 versus:
507 1547 588 1624 „Qui
608 1567 685 1609 nunc
701 1550 786 1628 jacet
806 1552 891 1613 arida
910 1553 1026 1635 pulvis,

188 1653 307 1728 ,Unius
327 1651 377 1712 hic
396 1653 544 1729 quondam
565 1669 668 1714 servus
689 1653 797 1714 amoris
819 1656 913 1718 erat''
1081 1661 1123 1720 20

145 1757 209 1818 Neo
229 1756 326 1816 minus
345 1754 421 1816 haec
440 1753 532 1816 noshi
551 1758 685 1816 notescet
703 1754 785 1816 fama
804 1759 950 1839 sepulcri,

186 1857 283 1932 Quam
302 1857 418 1917 fuerant
438 1854 540 1916 Phthii
560 1855 648 1917 busta
668 1860 789 1918 cruenta
808 1859 875 1920 viri.

147 1963 195 2024 'Pu
214 1978 344 2040 quoque,
366 1960 392 2020 si
412 1959 530 2036 quando
551 1959 654 2020 venies
674 1959 713 2021 ad
733 1960 796 2023 fata
816 1959 975 2043 (memento

186 2065 250 2126 Hoc
271 2063 339 2150 iter)
360 2063 399 2124 ad
419 2062 551 2143 lapides,
572 2081 656 2144 cara,
677 2065 746 2126 veni
766 2069 926 2129 memores!

147 2170 265 2232 Interea
284 2183 356 2228 cave
377 2166 419 2228 sis
439 2185 492 2228 nos
513 2170 672 2244 aspernata
691 2170 837 2246 sepultos:

100 2283 101 2286 ’
186 2267 330 2332 Nonnihil
349 2267 389 2328 ad
408 2283 511 2329 verum
531 2267 648 2330 conscia
668 2273 748 2330 terra
767 2270 856 2349 sapit.

147 2373 245 2451 Atque
265 2372 378 2433 utinam
397 2369 501 2447 primis
521 2351 649 2430 animam
670 2388 717 2432 me
737 2381 847 2449 ponere
867 2374 952 2436 cunis

186 2475 329 2539 iussisset
349 2473 472 2552 quaevis
492 2472 530 2534 de
552 2473 645 2534 trihus
664 2492 724 2535 una
744 2478 842 2536 sorori

147 2583 225 2644 Nam
245 2600 303 2659 quo
323 2584 384 2641 tam
404 2577 512 2641 dubiae
533 2582 668 2640 servetur
688 2579 810 2658 spiritus
831 2580 947 2644 horae?

184 2685 320 2748 Nestoris
340 2688 386 2744 est
406 2683 488 2744 visus
507 2686 576 2760 post
594 2684 653 2743 tria
673 2685 772 2748 saecla
791 2685 876 2748 cinis.

145 2790 220 2866 Quis
239 2794 301 2850 tam
320 2789 483 2865 longaevae
503 2787 658 2848 minuisset
677 2786 740 2848 fata
759 2793 895 2851 senectae

185 2893 318 2955 Gallicus
338 2891 438 2952 Iliacis
459 2890 545 2951 miles
566 2890 599 2950 in
618 2891 793 2968 aggeribus!

145 2997 212 3060 Non
233 2997 285 3057 ille
306 2993 457 3056 Antilochi
478 2993 603 3054 vidisset
624 3011 729 3071 corpus
748 2992 881 3076 humari,

186 3099 304 3162 Dixerit
324 3104 391 3159 aut:
415 3095 465 3172 „0
486 3115 579 3176 mors,
601 3114 653 3158 our
673 3095 746 3158 mihi
766 3115 834 3160 sera
854 3099 991 3162 venisi'’

147 3205 194 3265 'lu
214 3209 314 3267 tamen
334 3201 443 3264 amisso
462 3217 680 3278 nonnumquam
700 3199 786 3263 flebis
806 3203 921 3265 amico:

186 3307 247 3368 Fas
268 3309 314 3366 est
332 3304 508 3384 praeteritos
529 3321 646 3381 semper
666 3321 766 3366 amare
786 3305 875 3366 viros.

147 3412 263 3489 Testis,
284 3409 336 3486 qui
355 3408 476 3468 niveum
496 3407 643 3484 quondam
662 3407 809 3483 percussit
828 3407 946 3470 Adonin

186 3515 352 3574 Venantem
372 3510 469 3570 Idalio
489 3509 600 3570 vertice
621 3508 711 3570 durus
733 3529 822 3592 aper;

148 3615 211 3678 Illis
230 3616 389 3678 formosum
404 3613 535 3692 jacuisse
555 3612 730 3693 paludibus,
751 3614 822 3675 illuc

186 3720 302 3783 Diceris
324 3719 417 3780 effusa
437 3722 486 3798 tu,
508 3717 625 3796 Venus,
647 3716 706 3778 isse
726 3733 824 3797 coma3
861 3799 863 3804 Ι
1082 3721 1126 3784 40

994 3827 1028 3880 10
