2624 4398
569 322 608 382 ⁷3

38 497 130 549 Biantis
147 499 235 559 frater,
254 499 279 550 id
294 499 413 566 negotium
429 496 544 565 suseepit,
566 495 606 548 ssd
623 497 705 563 esptus
721 499 745 546 st
760 494 785 546 iu
801 493 896 548 viueule
911 495 1028 560 eeujeetus
1044 496 1091 547 luit
1106 496 1136 548 eb

40 579 141 644 Iphiclo.
175 579 278 631 Teudem
300 581 426 642 liberatus,
448 582 510 631 Pero
532 579 624 630 Bieutis
641 594 700 630 uxor
717 578 794 628 eeesit.
828 579 892 644 Ergo
909 578 1042 646 Melsmpus
1057 581 1137 647 tui-pie

39 677 162 726 perpessus
179 665 227 722 est,
245 679 291 713 ueu
308 663 398 730 puellae
415 679 506 722 emere,
525 661 564 712 sed
581 662 678 712 esritete
694 660 718 710 in
735 661 840 712 stateem.
859 661 912 726 Qus
924 660 953 710 de
963 661 1135 715 reeredendum

39 747 73 791 est
87 743 239 809 Propertium
253 749 342 796 veteres
355 746 480 814 seiiptores
488 748 595 796 seeutum
603 759 667 804 esse,
679 742 719 811 qui
728 742 831 794 fabulum
838 742 907 794 diter
914 746 1023 804 uerrunt,
1032 760 1135 810 quosque

39 829 102 876 aetus
119 824 186 877 uobis
201 825 295 878 invidit.

70 939 114 990 22.
148 941 208 991 Post
223 941 248 991 h.
265 957 289 991 v.
307 941 380 992 Codd.
397 940 496 991 hebent:

272 1032 449 1098 Neequiequem
466 1033 561 1099 perfuse
577 1031 635 1080 meis
651 1032 769 1096 unguente
786 1028 889 1096 capillis,

220 1172 225 1184 Ι
302 1113 361 1165 lbet
377 1119 401 1166 et
417 1130 516 1182 expenso
533 1114 615 1180 plsute
630 1116 722 1164 merete
738 1113 820 1178 gradu.

40 1199 164 1251 Distiehou
179 1201 355 1269 interpolatum.
388 1205 414 1254 Si
431 1205 460 1254 sd
476 1221 526 1255 rem
542 1207 644 1270 spectus,
661 1202 787 1268 frigidum
804 1202 824 1252 si
841 1201 870 1251 ed
885 1201 1039 1261 locutionem,
1057 1202 1145 1252 iueer·'

39 1287 88 1330 tum
105 1287 130 1332 et
146 1283 242 1334 dubium
259 1301 352 1336 sensum
369 1287 445 1352 capies
462 1302 489 1336 ex
506 1286 559 1336 illo:
576 1301 676 1351 expenso
688 1287 777 1350 plenta
793 1289 888 1334 morata
902 1285 989 1349 prede.
1021 1285 1133 1352 Implieet

38 1364 131 1430 iusuper
151 1370 290 1433 enervatque
312 1369 448 1419 orationem.
483 1369 513 1420 Id
535 1371 661 1418 confictum
683 1372 741 1434 pute
758 1383 772 1416 e
788 1367 887 1417 nitidulo
904 1367 1005 1433 quodem
1022 1368 1131 1428 emerito,

39 1446 102 1509 eujus
119 1447 176 1507 fuit,
193 1449 230 1498 uti
247 1449 281 1498 eit
297 1449 407 1510 Fleeeus,
424 1451 457 1500 Ie
473 1457 527 1501 oute
543 1451 655 1502 curanda
666 1451 724 1516 plus
741 1465 816 1515 aeque
832 1455 931 1514 operata
940 1449 1065 1514 juventus.

69 1559 110 1607 28.
144 1560 173 1608 Iu
195 1575 275 1610 emere
295 1561 362 1627 pueri
382 1561 511 1628 treuquillo
533 1566 557 1612 et
580 1563 680 1612 seeundo
697 1561 793 1612 flumine
808 1564 875 1612 tutus
891 1560 1022 1618 deseendis;
1039 1561 1130 1612 nullum

39 1643 71 1687 est
84 1640 214 1706 perieulum
229 1641 255 1691 iu
271 1645 321 1692 tem
338 1643 421 1708 exigue
437 1644 499 1694 uude
511 1646 536 1694 et
548 1643 620 1708 juxte
635 1644 713 1710 ripam
728 1647 819 1695 usum.
844 1645 885 1694 Ite
900 1643 1053 1695 Passeratius.
1071 1645 1129 1695 For·

40 1727 97 1773 lesse
113 1723 235 1789 legendum
251 1729 298 1776 est:
315 1725 361 1776 Na
375 1725 421 1776 tibi
436 1742 480 1792 pre
496 1727 557 1792 quid
571 1726 624 1777 lidi.

384 2041 660 2109 ELEGIA
706 2045 780 2111 VII.

461 2220 514 2267 Al)
532 2221 698 2270 GALLUM·

314 2361 412 2425 (cedd,
439 2363 522 2413 Burm.
549 2362 591 2422 133
621 2363 720 2414 Leehm.
747 2365 793 2425 14,
819 2367 851 2428 l).

143 2519 217 2570 Codd.
234 2520 295 2570 hene
310 2520 427 2572 eolloeeut
442 2523 466 2572 in
485 2523 566 2575 Primo
583 2525 668 2585 Libro;
686 2526 726 2576 sed
742 2542 823 2576 versus
841 2525 857 2572 2
874 2527 975 2578 ostendit
991 2528 1020 2578 ed

247 2603 379 2654 Secundum
396 2606 525 2672 pertinere,
548 2607 637 2658 scilieet
654 2609 684 2658 ed
699 2611 792 2674 tempus
808 2607 906 2659 dissidii.

150 2773 215 2854 Tu,
236 2775 315 2852 qued
336 2794 424 2856 saepe
445 2781 539 2861 soles,
560 2785 658 2843 nostro
678 2784 828 2845 laetabere
848 2803 932 2866 eesu,

190 2875 294 2956 Galle,
315 2878 394 2955 quod
415 2881 537 2958 abrepto
557 2883 637 2944 solus
657 2903 755 2945 amore
775 2903 887 2948 veeem.

150 2977 192 3040 At
211 2998 270 3041 non
290 2982 354 3059 ipse
374 2987 441 3044 tues
461 2985 611 3065 imitabor,
632 2987 757 3069 perfide,
778 3008 884 3070 voees,

189 3083 307 3145 Fallere
329 3090 358 3145 te
378 3104 540 3168 nunquam,
562 3088 662 3171 Galle,
681 3093 782 3168 puelle
801 3095 893 3155 velit!

150 3185 229 3247 Dum
250 3188 304 3263 tibi
325 3188 457 3267 deceptis
477 3196 601 3269 augetur
620 3194 699 3255 fame
717 3196 845 3277 puellis,

190 3289 295 3352 (teitus
316 3296 346 3352 et
366 3293 397 3352 in
417 3295 498 3355 nullo
518 3297 636 3372 quaeris
657 3317 755 3360 amore
775 3319 902 3362 morem:

150 3392 288 3456 Perditus
309 3396 341 3455 in
361 3397 488 3472 quedem
509 3399 601 3460 tardis
621 3403 783 3477 pallescere
804 3405 881 3465 euris

190 3497 317 3579 Iueipis,
339 3505 369 3561 et
388 3499 483 3578 primo
504 3505 604 3583 lapsus
625 3508 707 3567 abire
727 3509 831 3584 gradu.

150 3602 233 3663 Haec
253 3604 310 3664 erit
330 3605 448 3666 illerum
468 3610 626 3686 eeutempti
645 3627 741 3687 poene
761 3613 884 3694 doloris,

190 3704 348 3770 Multarum
368 3711 491 3773 miseras
511 3712 612 3789 exiget
631 3731 690 3775 une
709 3715 799 3777 vices.
