2624 4398
560 385 599 444 57

151 555 192 616 m
212 561 415 633 quaecumque
436 573 525 633 super
544 555 679 633 dispersa
698 541 846 616 invenerit
864 574 933 618 ossa
1086 647 1088 654 y

191 657 340 719 Montibus
360 657 510 738 Etruscis,
530 655 605 720 haee
624 658 700 720 sciet
720 675 786 720 esse
806 675 882 720 mee.
1095 665 1134 722 10

80 831 105 878 3.
139 829 225 889 Miles,
248 829 328 880 audito
350 829 453 896 gemitu,
474 829 549 906 flectit
570 827 661 880 lumine
681 828 785 890 bientie,
802 791 934 910 turgentis,¹
951 827 1131 889 nucleorum,

37 912 71 960 sed
94 916 160 962 metu
182 917 206 962 et
228 915 318 962 terrore
340 911 448 971 dilstutm
472 911 620 963 Autouisuue
640 909 702 962 euim
724 912 793 962 timet
810 913 950 962 Osesureum
966 911 1071 978 gladium
1088 911 1134 962 sibi

35 993 159 1044 imminere.
194 993 239 1043 Oui
256 994 351 1045 Gallus:
368 994 426 1060 quid
441 992 552 1044 dubitusl³
569 1009 622 1044 sum
638 1009 694 1060 pure
710 993 808 1044 militine
823 996 923 1044 restree.

82 1107 104 1155 6.
138 1107 214 1156 Grou.
228 1107 278 1157 Neo
288 1122 373 1165 eoror3
386 1107 464 1173 Nesp.
477 1107 514 1157 Ne
527 1120 603 1158 soror.
628 1105 750 1156 Pmticulu
763 1107 873 1172 negative
887 1122 981 1157 sensum
994 1105 1133 1173 perturbet,

36 1187 141 1252 quonism
155 1188 237 1237 Gallus
252 1204 356 1238 sororem
370 1189 398 1238 de
411 1187 496 1255 proelii
508 1190 592 1239 eventu
606 1191 630 1238 et
643 1191 721 1238 morte
735 1204 777 1238 sus
791 1189 914 1239 certiorem
926 1188 978 1238 fieri
985 1186 1133 1255 exposcebat.

40 1270 132 1319 Puccius
148 1271 227 1334 ituque
244 1271 314 1320 Haec
331 1285 413 1329 eom,-
433 1270 497 1336 quod
510 1269 639 1320 Beroaldus
648 1270 701 1334 jem
714 1270 874 1332 diriusrerut,
887 1274 912 1321 et
925 1271 1025 1320 editores
1039 1285 1131 1336 recepe-

36 1355 136 1401 runt-
153 1352 242 1401 Deinde
255 1352 327 1401 Oodd.
341 1367 421 1402 omnes
435 1357 492 1402 acta
506 1351 626 1413 scribunt,
643 1367 680 1402 res
697 1355 775 1412 ectu,
793 1351 882 1403 scilicet
896 1368 1002 1420 pugnum
1018 1355 1042 1402 et
1058 1351 1133 1402 letum

37 1434 102 1484 Gelli.
118 1433 222 1498 Scaliger
230 1433 331 1498 conjecit
338 1435 415 1493 Acca,
425 1450 510 1484 nomeu
518 1434 615 1485 sororis.
639 1434 750 1499 Antiquis
764 1433 1133 1501 moserstpropiuquosproprio

36 1516 124 1565 uomiue
147 1515 281 1581 designere5
307 1517 347 1565 sed
371 1531 456 1566 nomeu
481 1517 557 1566 Accae
582 1532 630 1566 uou
654 1516 745 1583 placet,
772 1533 845 1582 quum
870 1516 957 1566 nullius
981 1515 1037 1567 libri
1060 1532 1133 1566 muuu

36 1597 119 1646 exarati
132 1597 273 1647 auctoritate
285 1597 383 1648 uitetur.
400 1597 450 1647 Ubi
462 1598 577 1648 sententis
590 1599 808 1664 quomodocumque
819 1598 925 1659 laboret,
941 1597 1006 1648 nullu
1019 1601 1056 1648 est
1069 1599 1132 1665 epud

37 1694 72 1726 me
88 1679 199 1728 Codicum
216 1679 356 1738 auctoritem
382 1696 437 1730 cum
462 1683 539 1730 eutem
567 1680 646 1730 omnis
671 1680 810 1740 cobserent,
827 1696 841 1730 u
858 1680 998 1745 conjecturis
1015 1679 1132 1730 abstinere

38 1761 151 1824 prudentis
167 1765 212 1812 eet.

344 2019 622 2088 ELEGIA
666 2019 821 2086 XXXIV.

465 2196 518 2243 ΑΙ)
532 2195 696 2244 muudum.

343 2340 425 2403 (Oodd.
443 2340 526 2391 Burm.
544 2341 588 2400 22,
609 2341 707 2390 Lechm.
725 2341 772 2400 23,
789 2341 821 2402 Ι.)

151 2497 272 2577 Qualis,
293 2502 324 2561 et
343 2500 422 2561 unde
442 2518 552 2579 genus,
574 2500 626 2576 qui
647 2500 706 2560 sint
726 2499 816 2579 mihi,
838 2500 943 2581 Tude,
963 2505 1101 2582 penates,

162 2598 316 2693 Quaeris
336 2622 389 2682 pro
409 2607 510 2664 nostra
529 2620 647 2682 semper
667 2603 808 2664 amicitie

150 2705 183 2766 Si
203 2706 346 2767 Perusino
366 2707 422 2767 tibi
441 2707 555 2784 patriae
576 2710 645 2767 sunt
664 2710 735 2767 note
745 2707 904 2786 sepultus,
929 2707 1117 2790 sutram,

188 2810 295 2870 Italiae
316 2809 397 2870 duris
417 2808 521 2870 funere
541 2809 738 2888 temporibus,
980 2793 981 2803 ¹

150 2910 225 2973 Cum
244 2912 378 2973 Romane
397 2928 466 2972 suos
487 2911 549 2987 egit
569 2910 719 2972 discordie
737 2911 835 2972 cives:
1109 2912 1128 2970 5

190 3014 251 3096 (sit
269 3015 345 3076 mihi
363 3015 522 3093 praecipue
541 3014 641 3090 pulvis
661 3014 789 3074 Etrusco
810 3013 908 3074 dolori

147 3119 198 3178 Tu
216 3118 348 3196 projecte
367 3117 427 3179 mei
447 3134 590 3196 perpesse
610 3135 642 3178 es
663 3118 796 3179 membra
814 3117 986 3196 propinqui,

188 3223 238 3283 Tu
257 3224 338 3284 nullo
358 3223 459 3284 miseri
479 3221 612 3299 contegis
632 3239 701 3282 ossa
719 3219 812 3301 solol)

147 3325 288 3387 Ptoxime
307 3325 458 3404 supposito
479 3324 652 3400 contingens
673 3322 797 3384 Umbris
817 3341 920 3401 campo

187 3427 237 3488 Me
257 3427 375 3507 genuit,
396 3426 484 3487 terris
503 3426 611 3488 fertilis
631 3425 780 3487 uberibus.
1089 3428 1128 3486 10

84 3595 105 3648 l.
134 3598 217 3649 Tullus
241 3599 394 3665 Propertium
418 3599 447 3648 de
471 3596 549 3666 putris
574 3601 598 3648 et
623 3613 707 3664 genere
730 3613 772 3648 suo
794 3597 993 3662 interrogaveram
1015 3595 1053 3646 cui
1073 3594 1125 3646 ille:

45 3679 184 3733 uenustus
205 3682 332 3732 Perusinae
354 3681 425 3732 cledis
448 3685 471 3731 et
495 3682 614 3732 Romuuee
635 3679 763 3731 dbcordise
786 3678 935 3744 civiliumque
951 3677 1083 3728 bellorum?
1100 3692 1127 3726 ee

45 3758 166 3827 lempstste
181 3767 251 3814 nctus
268 3780 320 3814 sum
337 3763 362 3813 iu
378 3763 477 3831 planitie
494 3762 620 3822 Umbriae,
639 3763 676 3812 cui
692 3762 790 3813 Pemsis
805 3761 913 3828 proxime
930 3763 973 3812 eet.
1007 3758 1127 3810 Perusim
